3492 5092
361 383 423 449 128
826 376 961 447 Georgius
978 374 1091 431 Bleoher
1504 377 1535 459 [8

442 551 541 618 Xen.
563 549 649 616 Hell.
671 549 718 616 IV
742 550 771 631 7,
795 549 831 613 7:
860 544 1151 633 (Ἀγησίπολις)
1180 543 1436 629 βουλόμενος
1454 566 1535 611 τει-

357 655 477 734 χίσαι
505 649 713 738 φρούριόν
740 672 779 714 τι
808 695 879 712 ...
910 647 1075 713 ἐθύετο·
1105 647 1160 710 καί
1189 646 1321 734 ἐφάνη
1354 646 1461 732 αὐτῷ
1487 648 1535 712 τὰ

358 754 449 841 ίερὰ
471 753 604 838 ύλοβα
626 799 634 817 .
659 799 666 816 .
691 799 698 814 .
723 750 910 839 ἀπήγαγε
928 751 973 815 τὸ
996 750 1240 836 στράτευμα.

443 892 542 958 Xen.
563 891 648 958 Hell.
677 890 726 957 IV
755 889 870 973 &362
906 886 936 954 ‘O
965 883 1199 972 Ἀναξίβιος
1228 885 1535 972 ἀπεπορεύετο,

357 993 404 1072 ὡς
424 992 483 1076 μέν
498 989 630 1077 ἐλέγετο,
653 989 838 1057 οδδὲτῶν
859 989 980 1077 ἱερῶν
1000 993 1284 1076 γεγενημένων
1304 988 1410 1074 αύτῷ
1433 987 1535 1074 ἐκείνη

356 1106 394 1181 τί
414 1093 525 1182 ἡμένη·

443 1233 540 1299 Xen.
570 1231 684 1316 Cyrop.
714 1232 750 1298 II
772 1233 801 1314 4,
832 1232 889 1297 18:
926 1230 961 1294 ‘O
991 1228 1026 1294 δέ
1053 1237 1185 1315 Κῦρος
1214 1225 1362 1293 ἐθύετο
1391 1226 1462 1292 ἐπὶ
1490 1239 1534 1313 τῇ

357 1337 511 1422 πορείᾳ
533 1379 541 1398 .
565 1380 573 1396 .
598 1381 604 1396 .
627 1337 816 1418 γίγνεται
837 1343 882 1418 τῷ
902 1334 997 1419 Κύρῳ
1017 1331 1065 1397 τδι
1088 1330 1196 1418 ἱερά,
1226 1329 1283 1396 ἐπὶ
1302 1330 1357 1395 τδν
1378 1334 1537 1417 Ἀρμένιον

358 1437 449 1511 ἰέναι,
471 1436 563 1504 καλά.

359 1657 362 1662 Ι
442 1575 640 1657 Polyaen.
663 1572 766 1640 strat.
788 1572 950 1656 1119,8:
984 1571 1029 1636 Οἱ
1051 1572 1222 1654 μάντεις
1251 1570 1354 1635 καλὰ
1378 1570 1424 1634 τὰ
1445 1568 1537 1655 ίερδι

358 1674 599 1761 προύλεγον.
622 1672 692 1737 ἀλλ’
716 1671 775 1737 οὐκ
796 1669 899 1756 ἔκρινε
918 1673 1176 1760 παρατάξασθαι
1198 1670 1463 1759 (Ἰφικράτης).

443 1808 1536 1896 ΡολμλιἮΙΠεΦιλίπποατοῦβασιλέωςΜακεδόνων

357 1913 426 1998 τὴν
446 1924 525 1978 τῶν
545 1915 788 2000 Μεσσηνίων
817 1911 1050 2000 ἀκρόπολιν
1078 1923 1305 1994 κατασχεῖν
1333 1912 1536 1996 βουλ-ομέ·

358 2036 428 2080 νου
451 2062 459 2078 .
483 2061 490 2079 .
514 2065 521 2080 .
544 2016 599 2080 καὶ
620 2017 798 2092 θύοντος
820 2015 876 2102 (τῷ
898 2018 1041 2101 Διί)...
1064 2015 1145 2080 κατὰ
1165 2015 1221 2081 τὸν
1241 2010 1376 2098 ἐθισμὸν
1397 2011 1439 2080 ἐκ
1459 2027 1536 2078 των

358 2121 570 2183 τυθέντων
593 2115 762 2206 ἱερείων
779 2121 1153 2203 προσενεχθέντων
1175 2116 1534 2203 αύτῷτῶνσπλάγ-

306 2255 309 2258 ·
359 2243 478 2301 χνων,
501 2219 731 2303 δεξάμενος
752 2217 810 2298 εἰς
830 2219 1062 2307 τδςχεῖρας
1084 2221 1140 2284 καλ
1161 2221 1291 2306 βραχύ
1315 2219 1536 2295 διακλίνας

356 2323 475 2410 ἤρετο
513 2326 745 2409 προτείνων
780 2333 870 2398 τοῖς
903 2323 1005 2410 περὶ
1038 2321 1106 2388 τὸν
1132 2323 1315 2410 Ἄρατον,
1350 2325 1388 2387 τί
1421 2321 1537 2387 δοκεῖ

356 2425 404 2491 τὰ
434 2423 529 2511 ἱερὰ
551 2427 790 2510 σημαίνειν,
821 2424 1002 2511 πότερον
1032 2423 1235 2512 ἐκχωρεῖν
1263 2435 1332 2512 τῆς
1361 2425 1489 2512 ἄκρας
1517 2421 1536 2506 ἢ

359 2537 528 2612 κρατεῖν
549 2526 679 2613 αὐτῆς.

442 2665 639 2749 Polyaen.
661 2665 763 2731 Strat.
787 2666 835 2733 IV
858 2667 893 2732 3:
924 2662 1192 2752 Ἀλέξανδρος
1214 2662 1340 2730 ὁπότε
1364 2664 1454 2750 παρὰ
1475 2676 1537 2728 τῶν

351 2767 499 2852 Ιμάντεων
527 2766 648 2852 ἤκουε
675 2766 779 2830 καλὰ
813 2770 1032 2850 γεγονέναι
1064 2767 1112 2831 τὰ
1141 2767 1248 2854 ἱερά,
1285 2770 1537 2855 περιφέρειν

359 2864 524 2932 ἐκέλευε
545 2868 592 2932 τὰ
620 2868 755 2955 ἱερεῖα
785 2868 854 2933 καλ
884 2868 1099 2934 δεικνύναι
1128 2881 1217 2946 τοῖς
1247 2872 1535 2956 στρατιώταις.

444 3024 612 3090 Arrian.
635 3023 900 3106 Anab.IV4‚3:
931 3027 1123 3108 θυομένῳ
1147 3022 1253 3110 δὲ(τῷ
1270 3022 1536 3111 Ἀλεξάνδρῳ)

358 3124 434 3190 ἐπὶ
453 3137 498 3210 τῇ
523 3123 784 3210 διαβύσειτὰ
806 3124 897 3212 ἱερὰ
920 3125 992 3190 ούκ
1014 3123 1211 3210 ἐγίγνετο.
1235 3124 1252 3191 ὃ
1276 3124 1312 3190 δὲ
1332 3129 1458 3214 βαρέως
1479 3127 1538 3208 μὲν

361 3227 479 3316 δ’φερεν
501 3227 537 3293 ού
559 3231 760 3313 γιγνομένων,
783 3227 872 3312 ὅμως
894 3227 929 3294 δὲ
958 3229 1118 3315 ἐκαρτέρει
1140 3230 1195 3294 καί
1216 3225 1331 3310 ἔμενεν.
1355 3228 1400 3305 ὡς
1422 3227 1458 3294 δὲ
1480 3227 1537 3294 οὐκ

360 3331 487 3397 ἀνίεσαν
502 3331 532 3395 οἱ
547 3333 684 3405 Σκύθαι,
707 3325 834 3408 αὖθις
849 3328 920 3395 ἐπὶ
941 3343 985 3416 τῇ
1001 3331 1201 3416 διαβάσει
1216 3327 1382 3397 ἐθύετο·
1402 3331 1471 3396 καὶ
1489 3325 1537 3396 αὖ

359 3430 1328 3521 δςκίνδονοναύτῷσημαίνεσθαιᾌρίστανδρος
1350 3432 1368 3500 δ
1391 3435 1538 3517 μάντις

358 3535 558 3623 ἔφραζεν.
598 3533 615 3601 ὃ
646 3534 688 3600 δὲ
721 3547 914 3621 κρεῖσσον
950 3534 1012 3624 ἔφη
1049 3535 1089 3614 ἐς
1126 3534 1299 3618 ἔσχατον
1343 3535 1537 3602 κινδύνου

359 3637 503 3704 ίλθιῖν
523 3633 543 3720 ἢ
565 3641 1171 3724 κατεστραμμένονξύμπασαν
1193 3639 1337 3722 ὀλίγον
1360 3638 1449 3704 δεῖν
1469 3639 1536 3724 τὴν

354 3742 489 3806 Ἀσίαν
508 3742 670 3824 γέλωτα
692 3735 803 3806 εἶναι
823 3744 1010 3821 Σκύθαις
1032 3789 1038 3806 .
1057 3790 1064 3806 .
1082 3795 1089 3810 .
1104 3741 1322 3829 Ἀρίστανδρος
1337 3740 1372 3807 δὲ
1394 3741 1451 3807 ούκ
1473 3738 1536 3828 ἔφη

358 3843 450 3929 παρὰ
470 3843 511 3907 τὰ
532 3838 567 3907 ἐκ
587 3855 644 3908 τοῦ
664 3846 760 3908 θείου
775 3844 988 3932 σημαινόμενα
1010 3845 1092 3910 ἄλλα
1112 3843 1362 3924 ἀποδείξασθαι,
1384 3844 1434 3910 δτι
1456 3843 1537 3908 ἄλλα

360 3941 466 4012 ἐθέλει
488 3947 625 4012 ἀκοῦσαι
639 3946 881 4033 Ἅλίξανδροςύ)

446 4083 762 4150 Ourt.Ruf.Hist.
777 4085 870 4151 Alex.
886 4084 953 4150 VH
969 4085 1042 4168 7‚8:
1070 4084 1338 4170 (Alexander)
1362 4084 1419 4166 qui
1441 4090 1537 4166 post

359 4187 541 4253 Dareum
561 4186 723 4252 victum
744 4187 938 4253 hariolos
965 4192 1007 4254 et
1033 4192 1158 4254 vates
1180 4187 1401 4254 consulere
1423 4186 1537 4252 desi·

447 4355 468 4425 1)
487 4355 527 4410 οι.
546 4353 654 4409 Arrian.
673 4354 758 4410 Anah.
776 4355 844 4425 νε,
863 4355 888 4410 ε.
