3492 5092
258 341 293 428 ῃ]
663 341 704 395 De
722 340 862 409 extispicio
880 341 971 410 capita
988 340 1045 396 tria
1377 345 1438 408 177

347 512 445 578 Xen.
474 512 581 577 Anab.
612 511 660 577 VI
681 513 711 592 4,
735 513 791 577 19:
828 509 906 574 Ἐπί
935 509 970 574 δὲ
996 511 1036 575 τὰ
1065 509 1230 597 ἐπιτήδεια
1259 511 1378 599 ἀνάγκη
1405 506 1442 596 ἦν

258 613 388 694 ἐξιέναι.
419 612 473 678 καὶ
496 611 568 677 ἐπὶ
596 617 726 697 τούτῳ
749 611 877 677 πάλιν
899 612 1048 677 ἐθύετο
1070 609 1131 689 εἰς
1151 617 1257 700 τρίς,
1277 614 1347 678 καὶ
1368 613 1440 679 ούκ

261 711 451 800 ἐγίγνετο
480 715 527 779 τὰ
557 713 649 800 ίερὰ
666 762 672 776 .
691 761 722 776 ..
747 712 764 779 ὃ
787 713 830 778 δὲ
852 715 1059 801 (Ξενοφῶν)
1083 715 1153 780 ούκ
1181 715 1227 780 ἂν
1253 715 1330 802 ἔφη
1353 713 1439 806 ἑξα-

260 829 403 902 μαμεῑν
424 817 474 904 μὴ
496 820 754 902 γιγνομένων
774 829 851 881 τῶν
873 817 1004 904 ἱερῶν.

344 975 443 1040 Xen.
466 973 574 1039 Anab.
596 973 645 1039 VI
666 975 695 1056 5,
717 974 753 1039 2:
786 971 863 1059 Πρῲ
887 971 1055 1049 δ’άναοιὰς
1075 982 1270 1060 Ξενοφῶν
1292 969 1440 1038 ἐθύετο

261 1071 323 1138 ἐπ’
356 1073 488 1159 ἐξόδῳ
526 1075 595 1140 καὶ
631 1077 824 1158 γίγνεται
859 1074 907 1138 τὰ
945 1073 1037 1162 ἱερὰ
1073 1073 1144 1140 ἐπὶ
1175 1087 1245 1142 τοῦ
1276 1080 1439 1164 πρώτου

260 1175 432 1264 ἱερείου.

347 1333 446 1399 Xen.
462 1334 567 1400 Anah.
583 1333 650 1399 VII
665 1333 694 1414 6,
716 1333 773 1398 44:
796 1331 827 1397 ‘0
850 1330 885 1396 δὲ
907 1331 1188 1420 (Ξενοφάνη...
1213 1331 1283 1397 δύο
1306 1333 1441 1420 ἱερεῖα

261 1434 398 1518 λαβὼν
426 1434 575 1500 ἐθύετο
604 1445 656 1518 τῷ
680 1435 753 1498 Διὶ
780 1445 825 1519 τῷ
854 1434 985 1518 βασιλεῖ
1004 1435 1162 1521 πότερά
1184 1434 1223 1500 οἱ
1244 1435 1350 1520 λῷον
1371 1437 1440 1502 καί

259 1536 434 1620 άμεινον
464 1537 528 1624 ε’ίη
558 1541 699 1620 μένειν
728 1537 841 1622 παρὰ
870 1540 1023 1624 Σεύθῃ,
1052 1536 1107 1624 ἐφ’
1131 1535 1180 1614 οίς
1200 1540 1324 1625 Σεύθης
1345 1537 1441 1620 λέγει,

259 1635 278 1720 ἢ
299 1638 475 1705 ἀπιέναι
490 1641 628 1723 οὺντῴ
644 1642 933 1726 στρατεύματι.
951 1639 1242 1727 ἀναιρεῖαύτῷ
1257 1640 1439 1706 ἀπιέναι.

275 1812 277 1814 ·
345 1796 753 1880 Xen.Anab.VI18‚10:
776 1791 1441 1881 ’οΞενοφῶν...ἒθύετο.καλΒασίας

260 1895 463 1975 ὁἨλεῖος
492 1901 641 1980 μάντις
669 1901 813 1984 παρὼν
842 1892 961 1962 εἶπεν
990 1898 1054 1964 ὅτι
1082 1899 1287 1964 κάλλιστα
1308 1898 1371 1986 ε’ίη
1391 1900 1441 1964 τὰ

262 1997 355 2084 ἱερὰ
377 1999 484 2084 αύτῷ
505 2000 560 2064 καὶ
580 1997 597 2064 ὃ
621 1998 718 2087 ἀνὴρ
739 1999 961 2083 ἁλώσιμος.

345 2156 715 2238 Xen.He11.1111‚17:
737 2154 829 2220 Ἐπεί
852 2153 1095 2240 ὃὲθνομένῳ
1118 2155 1224 2240 αύτῳ
1246 2155 1303 2241 (τῷ
1321 2160 1439 2240 Δερκυ-

260 2257 347 2344 λίδᾳ)
382 2258 454 2322 οὐκ
487 2253 676 2342 ἐγίγνετο
706 2257 752 2321 τὰ
782 2257 877 2342 ἱερὰ
905 2269 950 2343 τῃ
983 2263 1133 2344 πρώτῃ,
1166 2269 1210 2343 τῇ
1243 2257 1440 2344 ὑστεραίᾳ

259 2359 389 2425 πάλιν
422 2359 581 2425 ἐθύετο.
614 2360 659 2437 ὡς
692 2359 727 2425 δὲ
764 2359 859 2426 ούύὲ
887 2372 987 2425 ταῦτα
1013 2357 1316 2447 ἐκαλλιερεῖτο,
1340 2360 1440 2425 πάλιν

259 2475 296 2548 τῇ
317 2466 415 2550 τρίτῃ.
443 2464 498 2528 καί
520 2467 615 2550 μέχρι
636 2467 794 2550 τεττάρων
823 2463 946 2549 ἡμερῶν
975 2465 1135 2550 ἐκαρτέρει
1163 2465 1331 2547 θυόμενος,
1352 2463 1438 2547 μάλα

259 2565 410 2646 χαλεπῶς
425 2575 548 2652 φέρον·
573 2563 708 2632 ἔσπενδε
723 2566 784 2653 γὰρ
799 2567 878 2654 πρὶν
891 2567 1100 2652 Φαρνάβαζον
1115 2569 1276 2654 βοηθῆσαι
1291 2565 1440 2654 ἐγκρατὴς

259 2672 412 2751 γενέσθαι
433 2671 541 2756 πάσης
561 2679 616 2754 τῆς
636 2669 800 2746 Αἰολίδος.

344 2825 553 2892 Xen.Hell.
576 2824 738 2908 1113,4:
768 2821 1009 2909 Ἀγησιλάου
1037 2825 1218 2900 θύοντος
1243 2835 1306 2888 τῶν
1333 2825 1443 2908 τεταγ-’

259 2928 363 3007 μένων
385 2927 456 2990 τινὰ
470 2928 598 2991 θυσιῶν
611 2923 692 3013 ὑπὲρ
707 2935 761 3012 τῆς
775 2926 905 3003 πόλεως
921 2923 1039 2992 είπεν
1061 2924 1078 2992 ὃ
1100 2929 1247 3009 μάντις
1269 2925 1331 2992 ὅτι
1354 2925 1437 2992 ἐπι-

259 3027 412 3115 βουλήν
440 3052 533 3092 τινα
561 3040 639 3093 τῶν
665 3028 918 3094 δεινοτάτων
946 3032 1143 3115 φαίνοιεν
1170 3027 1209 3094 ol
1229 3031 1335 3093 θεοί.
1365 3028 1438 3093 ἐπεὶ

260 3129 295 3194 δὲ
315 3130 446 3196 πάλιν
475 3128 614 3204 ἔθυεν,
645 3129 707 3196 ἔτι
736 3130 958 3218 δεινότερα
988 3129 1063 3218 ἔφη
1092 3131 1141 3194 τὰ
1170 3129 1262 3214 ἱερὰ
1292 3131 1437 3216 φαίνε-

259 3235 372 3298 σθαι.
395 3233 438 3298 τὸ
457 3236 599 3319 τρίτον
620 3233 662 3299 δὲ
677 3236 864 3311 θύοντος,
880 3229 978 3308 εἶπεν,
1000 3233 1215 3320 motzae,
1231 3234 1341 3318 ὥσπερ
1362 3229 1437 3298 είίν

259 3334 368 3412 αάιοῖς
389 3335 496 3422 ε’ίημεν
516 3347 586 3413 τοῖς
603 3336 783 3420 πολεμίοις,
808 3336 890 3401 οὕτω
913 3359 971 3420 μοι
993 3339 1186 3422 σημαίνεται.

343 3492 442 3558 Xen.
464 3491 552 3558 Hell.
574 3492 627 3558 III
642 3494 671 3576 4,
695 3493 752 3558 15:
778 3495 947 3578 Γενομένης
969 3489 1004 3556 δὲ
1022 3492 1136 3578 ταύτης
1156 3499 1210 3576 της
1232 3491 1438 3574 ἱππομαχίας

261 3594 452 3678 θυομένῳ
497 3604 548 3678 τῷ
590 3593 814 3680 Ἀγησιλάῳ
850 3605 894 3680 τῇ
931 3593 1132 3680 ὑστεραίᾳ
1169 3592 1224 3658 ἐπὶ
1267 3593 1435 3679 προόδῳ

259 3693 392 3780 ἄλοβα
411 3699 602 3780 γίγνεται
621 3696 669 3760 τὰ
691 3696 792 3784 ἱερά.
836 3699 949 3762 τούτου
973 3745 979 3759 .
1005 3745 1011 3759 .
1037 3745 1044 3760 .
1069 3700 1222 3784 φανέντος
1239 3700 1436 3782 ’στρέψας

259 3796 488 3884 ἐπορεύετο
511 3794 583 3864 ἐπί
602 3799 866 3886 θάλατταν.1)

344 3955 441 4020 Xon.
465 3955 552 4021 Hell.
579 3955 628 4023 IV
650 3956 738 4039 4,5:
777 3958 1008 4037 θυομένοις
1037 3953 1072 4019 δὲ
1101 3964 1275 4019 τοιαῦτα
1311 3947 1355 4038 ἦν
1388 3954 1435 4018 τὰ

259 4055 350 4142 ἱερὰ
387 4057 490 4120 ὥστε
520 4055 558 4122 ολ
590 4059 760 4140 μάντεις
789 4056 951 4143 ἔφασαν
973 4057 1145 4140 άμεινον
1175 4051 1285 4122 εἶναι
1314 4079 1434 4122 κατα-

255 4162 419 4241 βαίνειν
441 4155 483 4223 ἐκ
511 4171 581 4224 τοῦ
612 4164 776 4246 χωρίον.

344 4331 423 4398 ¹)01.
442 4331 516 4387 Plut.
535 4332 617 4401 ages.
635 4333 660 4386 9.
