3492 5092
408 458 472 524 205
862 445 995 515 Georgius
1012 443 1127 499 Bleoher
1531 423 1585 532 [36

406 630 487 694 sunt
507 621 664 706 profecta.
707 618 783 700 Qua
799 619 841 682 de
854 634 964 698 causa,
988 613 1051 682 etsi
1073 631 1139 680 non
1161 631 1319 695 expresse
1334 615 1491 699 traditur,
1512 634 1585 684 con·

407 729 537 794 iectura
557 729 668 790 tamen
689 719 831 786 fortasse
854 717 987 798 assequi
1008 715 1088 782 licet
1106 715 1347 798 Pythagoricos
1368 721 1487 798 postea
1500 719 1588 786 haud

406 827 537 897 omnino
566 823 732 906 respuisse
761 819 969 902 extispicium
1005 836 1046 884 ex
1073 836 1120 902 eo,
1152 820 1239 899 quod
1268 818 1432 902 Didymus
1462 820 1587 903 Pytho-

407 947 527 1014 gorens
537 929 621 994 haec
631 923 786 1007 probavit
795 922 975 988 Stoicorum
986 921 1107 986 rerba:
1122 919 1178 984 καὶ
1186 919 1339 1002 μαντικὸν
1349 918 1386 984 δὲ
1394 920 1493 1002 μόνον
1507 916 1589 986 εῖναι

406 1031 463 1096 τὸν
476 1027 654 1095 σπουδαῖον
675 1027 720 1102 ὣς
733 1024 773 1088 ἂν
794 1022 966 1108 ἐπισιήμην
981 1018 1093 1102 ἔχοντα
1114 1019 1342 1107 διαγνωστιιιὴν
1363 1025 1506 1110 σημείων
1526 1037 1589 1090 τῶν

407 1134 445 1200 ἐκ
458 1127 580 1212 θεῶνῆ
595 1127 755 1211 δαιμόνων
768 1124 851 1210 πρὸς
865 1123 1076 1209 ἀνθρώπινον
1089 1127 1160 1208 βίον
1185 1124 1365 1189 τεινόνσων·
1386 1124 1431 1190 δι’
1446 1126 1465 1192 ὃ
1480 1127 1537 1192 καὶ
1549 1128 1588 1192 τὰ

408 1233 548 1320 σ’ἰδησῆς
567 1238 717 1315 μαντικῆς
738 1223 821 1293 εἶναι
841 1226 919 1313 περὶ
940 1225 1035 1290 αἰπὺν
1061 1225 1099 1290 τό
1132 1249 1165 1290 ts
1194 1224 1442 1314 ὀνειροκριτικὸν
1470 1229 1526 1293 καὶ
1552 1229 1586 1295 τὸ

408 1332 661 1405 οἷωνοσκοπιιιὸν
689 1332 744 1396 καὶ
763 1328 896 1396 θιπικὸν
924 1329 979 1394 καὶ
1000 1326 1032 1392 εἴ
1049 1349 1121 1392 τινα
1143 1328 1225 1392 ἄλλα
1246 1331 1372 1406 τούτοις
1394 1327 1463 1394 ἔστι
1483 1352 1587 1417 παρα-

407 1441 538 1526 πλήσια.
550 1438 576 1524 1)

496 1543 618 1608 Contra
639 1539 924 1619 Xenophanes
943 1533 1244 1618 Colophonius,
1267 1535 1324 1616 qui
1339 1536 1587 1605 vehementissi-

408 1665 462 1714 me
483 1645 656 1727 pugnabat
678 1645 793 1706 contra
814 1637 929 1722 plebis,
950 1642 988 1704 ut
1009 1637 1061 1702 ita
1082 1637 1239 1720 dicamus,
1261 1638 1432 1720 opiniones
1449 1641 1494 1707 de
1516 1643 1587 1708 deo·

408 1766 482 1815 rum
494 1751 614 1812 natura
629 1743 852 1826 pervulgatae,
862 1739 1097 1806 divinationem
1109 1759 1237 1822 quoque
1250 1738 1403 1808 funditus
1414 1743 1589 1829 sustulit.⁹)

393 1847 700 1938 Democritum
721 1863 799 1912 vem
821 1843 857 1909 in
872 1842 1055 1911 doctrinam
1077 1861 1172 1908 suam
1193 1843 1402 1925 extispicium
1425 1846 1589 1928 recepisse

409 1952 576 2036 putabant
604 1953 735 2015 veteres
765 1947 920 2012 Cicerone
948 1949 1051 2028 teste,
1082 1944 1139 2025 qui
1175 1945 1270 2012 illum
1299 1945 1464 2013 dicentem
1492 1947 1589 2016 facit:

407 2055 563 2138 supienter
580 2051 750 2116 instituisse
769 2053 889 2126 οσισνσσ,
909 2052 944 2111 ut
964 2046 1136 2111 hostiarum
1149 2049 1384 2113 immoutonon
1405 2051 1589 2131 repom

408 2151 1193 2240 armaqoorumahatitootqueocoolm
1219 2151 1589 2218 tumrulahn'tetistam

405 2260 599 2344 maasiae
618 2257 712 2339 σι’μνιο
730 2255 850 2337 percipi
864 2273 1098 2335 menumquam
1111 2254 1213 2334 σῶσον,
1235 2273 1315 2334 paee
1327 2255 1370 2318 sit
1384 2255 1430 2318 oet
1442 2256 1592 2322 senuas

408 2381 559 2445 aprorum
580 2360 626 2424 oel
644 2359 798 2440 fatalitas
816 2357 978 2441 ίιιιιινο.)
1021 2355 1117 2422 Illius
1139 2362 1250 2422 autem
1273 2357 1477 2440 temporibus
1503 2359 1591 2426 exti-

409 2463 551 2548 spicium
573 2480 653 2530 vere
675 2459 826 2526 floruisse
848 2459 900 2525 his
922 2457 1113 2539 Euripideis
1137 2458 1325 2544 versibus4)
1345 2461 1515 2528 docemur:

615 2595 689 2661 ἅδ’
701 2591 763 2660 ἐστ’
787 2595 894 2682 ἄσημα
916 2594 974 2659 aod
995 2603 1093 2681 σαφῆ,
1116 2598 1333 2678 γιγνώσκομεν

617 2699 663 2778 εἰς
683 2709 750 2785 πῦρ
770 2699 951 2783 βλέποντες,
974 2698 1028 2762 καὶ
1049 2697 1130 2761 κατὰ
1151 2697 1342 2780 σπλάγχνων
1363 2699 1488 2779 πτυχὰς

618 2803 747 2887 μάντεις
768 2803 1041 2888 προσημαίνουσιν
1063 2800 1187 2866 οἰωνῶν
1207 2800 1235 2863 τ’
1244 2799 1323 2868 ἀπό.

500 2942 588 3028 Quin
610 2941 712 3008 etiam
733 2939 973 3020 Aristophanes
995 2938 1135 3005 comicus
1158 2957 1239 3004 aves
1268 2942 1347 3004 exte
1376 2943 1457 3005 ante
1478 2941 1595 3010 urbem

412 3045 578 3114 conditam
599 3042 815 3126 inspicientes
837 3041 972 3126 fingit⁶)
1015 3041 1065 3106 Ac
1086 3041 1304 3124 Socrates
1337 3040 1394 3122 qui
1425 3041 1596 3109 daemonio

413 3169 473 3217 suo
493 3147 671 3231 praecipue
693 3148 735 3212 de
763 3145 863 3212 rebus
892 3143 1016 3211 futuris
1043 3163 1079 3210 se
1107 3144 1218 3211 doceri
1247 3162 1439 3226 persuasum
1468 3145 1597 3228 hebuit,

412 3259 527 3320 tamen
549 3249 684 3318 oracula
706 3247 832 3315 somnia
847 3247 976 3329 aliaque
991 3265 1056 3313 non
1071 3247 1163 3312 modo
1178 3266 1243 3313 non
1262 3247 1400 3330 respuit,
1423 3249 1482 3314 sed
1495 3247 1597 3314 facile

413 3354 548 3422 admisit
582 3359 617 3421 et
646 3350 888 3419 commendavit
918 3354 1005 3416 teste
1037 3347 1222 3434 Platone.⁶)
1277 3349 1460 3432 Xenophon
1493 3350 1597 3417 etiam

413 3459 456 3524 de
478 3476 516 3524 eo
537 3455 658 3522 tradit:
680 3455 771 3518 θύων
790 3475 825 3517 σε
847 3451 908 3538 γὰρ
932 3450 1070 3538 φανερὸς
1089 3445 1125 3536 ἦν
1143 3449 1302 3528 πολλάκις
1321 3449 1379 3533 μὲν
1394 3449 1488 3526 οἴκοι,
1517 3452 1599 3516 πολ-

414 3559 508 3636 λάκις
536 3556 572 3623 δὲ
602 3551 658 3621 ἐπὶ
686 3567 748 3620 σῶν
775 3566 889 3621 κοινῶν
916 3563 970 3640 τῆς
998 3553 1126 3631 πόλεως
1158 3557 1278 3640 βωμῶν
1315 3554 1385 3618 καὶ
1415 3566 1598 3639 μαντικῇ

414 3665 626 3749 χρώμενος
647 3658 718 3724 οὐκ
740 3657 901 3745 ἀφανὴς
929 3651 1024 3743 ἦν.)
1067 3659 1108 3724 Id
1129 3661 1215 3740 quod
1236 3658 1303 3725 iam
1323 3677 1366 3724 ex
1399 3659 1452 3724 his
1482 3658 1599 3726 verbis

413 3765 577 3849 suspicari
591 3763 686 3830 licuit
701 3763 867 3830 Socratem
883 3761 1091 3843 extispicium
1106 3779 1234 3844 qnoque
1249 3761 1382 3845 fovisse,
1403 3762 1505 3828 multo
1521 3780 1600 3844 pro·

413 3868 558 3936 habilius
566 3866 660 3934 nobis
672 3866 822 3948 exsistet,
833 3863 1201 3931 siinmemoriamnobis
1209 3863 1483 3948 revocaverimus,
1493 3883 1601 3945 quan-

503 4089 523 4156 ¹)
541 4089 652 4158 Fragm.
670 4087 771 4142 Philos.
789 4085 883 4140 Graec.
902 4085 955 4140 vol.
974 4084 1004 4139 11
1020 4101 1046 4152 p.
1064 4083 1098 4138 85
1116 4083 1157 4138 ed.
1175 4083 1301 4138 Mullach.

501 4173 525 4244 ¹)
543 4174 597 4228 Cic.
616 4174 650 4228 de
667 4173 721 4228 dir.
739 4173 755 4227 I
772 4173 802 4241 h;
822 4171 867 4226 Ps.
885 4171 959 4226 Plut.
978 4170 1012 4224 de
1028 4170 1096 4238 plac
1114 4169 1181 4238 phil.
1199 4170 1226 4225 V
1244 4170 1267 4223 1.

503 4257 523 4328 ⁸)
541 4259 596 4314 Cic,
614 4259 648 4314 de
666 4258 721 4314 div.
739 4259 753 4312 Ι
773 4256 830 4311 131.
935 4255 957 4325 ι)
976 4255 1057 4324 supp.
1076 4254 1126 4308 211
1139 4270 1213 4322 seqq.
1318 4256 1340 4324 Ι1)
1358 4257 1431 4311 Aves
1450 4255 1527 4313 1118.

502 4343 743 4413 ο)(1111ορ.1ι1ι1,
761 4341 1004 4410 Phaedop.60D;
1022 4339 1345 4410 ct.Xen.Mam.116‚8‚
1364 4341 1606 4412 1v7,10,hneb.

418 4428 546 4497 1111‚o.
653 4426 975 4496 ἶ)Χο11.111111.11,2.
