3492 5092
358 343 423 410 210
816 340 951 411 Georgius
965 339 1079 396 Blccber
1480 341 1536 430 [40

358 513 427 579 tius
448 511 586 594 Stoicus,
609 511 672 578 etsi
694 529 759 578 non
780 529 881 577 ausus
902 515 954 577 est
975 510 1103 576 omnino
1136 527 1260 594 negare
1275 511 1342 576 vim
1363 528 1436 577 esse
1450 510 1534 578 divi·

357 614 468 697 nandi,
490 613 643 680 dubitare
665 615 705 680 de
728 629 768 680 aa
784 631 821 679 se
835 612 920 678 dixit
930 612 955 697 1.)
977 612 1119 680 fortasse
1142 612 1344 678 Carneadem
1362 614 1534 698 secutus.²)

442 717 583 783 Praeter
597 717 680 782 haec
694 734 780 797 quae
792 715 1020 783 enarravimus
1034 715 1297 797 philosophorum
1309 717 1350 781 de
1362 716 1535 798 extispicio

356 819 548 886 testimonia
577 823 713 885 exstant
750 818 818 884 alia
846 817 984 885 aliorum
1017 817 1209 900 posterioris
1237 818 1428 900 plerumque
1457 820 1533 886 aevi

357 922 522 990 hominnm
545 920 643 988 dicta
687 920 751 988 Sed
772 921 808 986 in
829 921 882 986 bis
899 921 989 988 baud
1003 920 1053 987 ita
1068 925 1159 1015 certe
1174 921 1425 1003 distribuantur,
1447 940 1533 1002 quae

357 1027 401 1092 ad
430 1043 556 1092 merum
583 1024 783 1091 Graecorum
811 1042 932 1090 morem
965 1028 1125 1107 spectent,
1166 1041 1251 1106 quae
1284 1026 1327 1090 ad
1356 1024 1532 1092 Etruscum

358 1127 574 1210 extispicium.
597 1126 671 1210 Qua
682 1128 724 1192 de
735 1143 836 1193 causa
846 1126 956 1193 omnia
967 1143 1050 1207 quae
1062 1131 1240 1209 supersunt
1250 1131 1383 1194 servato
1394 1130 1534 1211 tantum,

357 1234 515 1312 quantum
544 1229 644 1296 rebus
674 1233 891 1311 opportunum
920 1247 993 1295 esse
1021 1229 1207 1313 videbatur,
1236 1229 1393 1310 temporis
1418 1230 1533 1296 ordine

357 1331 584 1415 congessimus.
638 1332 691 1398 Ea
719 1331 754 1398 in
782 1349 819 1398 re
848 1333 909 1398 hoc
937 1333 971 1397 in
999 1331 1190 1399 universum
1220 1331 1285 1398 dici
1313 1337 1423 1414 potest
1444 1333 1533 1399 baud

355 1435 750 1519 pancosfnisseomnibus
765 1436 975 1519 temporibus,
997 1435 1054 1516 qui
1077 1435 1271 1517 extispicum
1294 1439 1399 1501 artem
1422 1453 1532 1518 asper·

355 1543 531 1622 narentur,
561 1557 634 1603 cum
663 1540 751 1620 apud
779 1538 922 1620 reliquos
952 1557 1012 1620 per
1040 1539 1148 1604 multa
1175 1539 1371 1620 perduraret
1399 1539 1533 1604 saecula

355 1641 452 1710 buius
472 1639 667 1722 disciplinae
689 1659 777 1708 usus.

440 1742 1533 1829 Alexandri‚³)Arati,⁴)Hannibales‚⁶)0aesares,⁶)

355 1845 386 1912 si
405 1848 447 1912 ab
477 1845 530 1912 bis
560 1845 662 1913 ordiri
690 1845 779 1928 lieet
808 1844 1017 1930 extispicium
1046 1848 1140 1912 modo
1169 1846 1297 1912 omnino
1326 1851 1533 1929 spreverunt,

354 1951 447 2015 modo
469 1967 550 2014 suae
572 1949 860 2014 accommodabant
883 1948 1058 2016 voluntati.
1102 1948 1138 2014 Si
1171 1951 1214 2015 ad
1243 1954 1360 2031 poetas
1388 1949 1532 2015 transire

353 2051 471 2135 placet,
504 2051 539 2117 in
568 2051 796 2118 Plautinis
832 2050 1002 2118 fabulis
1031 2051 1084 2118 bis
1114 2057 1404 2118 commemorantur
1432 2052 1530 2117 harn-

354 2154 476 2237 spices;
507 2159 607 2236 atque
630 2173 648 2219 e
670 2153 781 2236 priore
801 2154 871 2221 loco
894 2155 1088 2220 concludere
1109 2154 1194 2220 nihil
1215 2154 1303 2237 licet,
1331 2173 1403 2222 oum
1433 2159 1532 2236 poeta

354 2258 464 2324 Iovem
485 2256 605 2324 feeerit
618 2261 752 2323 tantum
773 2258 835 2323 hoc
857 2257 1035 2323 dicentem:
1066 2257 1157 2321 Boeo
1179 2259 1283 2322 animo
1304 2277 1335 2322 ea
1357 2307 1365 2321 .
1389 2306 1396 2321 .
1422 2305 1428 2321 .
1451 2259 1531 2320 Am-

351 2359 486 2441 pbitrao,
508 2358 651 2436 hariolos,
666 2358 844 2440 horuspices
865 2361 950 2424 mide
970 2360 1111 2444 (ΜΞ)
1155 2361 1272 2428 Altero
1293 2363 1363 2428 loco
1383 2361 1531 2427 lenonem

353 2462 451 2528 linxit
472 2463 532 2527 hoc
554 2460 789 2528 affirmantem:

602 2598 750 2681 condique
766 2599 929 2685 baruapea,
950 2620 1014 2666 aco
1035 2601 1123 2666 horum
1142 2600 1264 2665 trioboli

601 2701 742 2766 omnebus
761 2703 798 2766 in
818 2705 896 2768 aab
917 2704 1017 2768 ciebat
1035 2703 1274 2784 possuimus·

601 2807 718 2870 molum
739 2805 949 2888 domnumque
969 2811 998 2870 et
1019 2805 1089 2870 deos
1109 2808 1288 2872 mostratur
1308 2805 1423 2890 mitta

437 2943 598 3007 Attamen
620 2943 701 3008 haec
731 2942 828 3026 signa
856 2948 1001 3027 aguntur
1029 2948 1063 3010 et
1089 2943 1305 3011 infortunium
1334 2941 1529 3025 adipiscitur

350 3044 434 3127 leno,
456 3062 551 3126 quem
573 3049 728 3111 eventum
751 3065 769 3112 e
792 3045 918 3112 Graeco
947 3047 1130 3129 exemplari
1159 3046 1193 3114 in
1216 3065 1310 3113 usum
1340 3064 1434 3112 suum
1455 3062 1528 3111 con-

351 3147 492 3214 vertisse
513 3147 667 3214 Plautum
689 3147 877 3214 constabit

435 3249 650 3316 Notissimum
679 3249 780 3316 etiam
810 3249 1022 3318 Ciceroniana
1056 3270 1138 3318 aevo
1169 3255 1243 3317 erat
1277 3255 1389 3314 vetos
1416 3249 1529 3314 illud

353 3349 542 3429 Octauio,
565 3353 620 3432 qod
641 3353 802 3418 mirarica
820 3352 927 3436 abbat,
947 3352 1106 3436 quoduam
1120 3352 1411 3435 sabaraitarum,
1433 3351 1527 3416 bora

349 3454 462 3534 apicem
484 3473 554 3517 com
575 3453 744 3540 nascor)
788 3455 853 3539 Qui
882 3457 943 3523 hoc
972 3455 1103 3540 legerit,
1132 3475 1196 3524 non
1225 3453 1403 3522 mirabitur
1432 3453 1528 3521 Cato·

351 3573 425 3622 nem
447 3558 491 3622 ad
513 3554 648 3624 vilicum
669 3557 750 3624 baec
773 3558 962 3642 scripsisse:
990 3559 1194 3642 tempium,
1224 3578 1375 3642 caparam
1398 3610 1404 3624 .
1429 3607 1435 3621 .
1460 3606 1467 3621 .
1490 3577 1529 3620 oe

438 3727 458 3794 ¹)
477 3725 530 3782 Cic.
549 3727 583 3783 de
600 3727 655 3783 div.
673 3727 688 3782 1
706 3727 730 3784 6.

364 3817 369 3826 “
438 3809 457 3878 ¹)
476 3811 643 3868 Testimonia
660 3829 714 3868 non
731 3815 812 3882 plane
824 3815 976 3884 concinunt,
995 3831 1020 3872 v.
1039 3815 1159 3870 Zeller
1176 3816 1193 3870 l.
1212 3816 1229 3871 l.
1248 3814 1312 3869 111⁸
1330 3815 1344 3867 1
1368 3831 1394 3884 p.
1413 3814 1463 3868 567
1482 3816 1529 3869 ad-

349 3901 405 3953 m
423 3898 458 4052 5ἕ)
474 3982 569 4038 nene.
587 3984 670 4039 strae.
688 3985 703 4040 1
721 3985 762 4055 11,
782 3985 828 4055 143
847 3986 923 4042 cua.
941 3987 1005 4042 nm.
1023 3987 1087 4041 nist.
1105 3987 1183 4043 max.
1201 3987 1256 4041 vn
1274 3986 1299 4054 τ,
1316 3986 1341 4051 a,
1360 3985 1401 4041 nx
1418 3987 1443 4041 4.

435 4067 459 4138 ⁴)
477 4067 551 4124 Plnt.
570 4071 647 4125 Aret.
665 4070 707 4125 43.
811 4071 832 4141 δ)
851 4071 905 4128 Cio.
924 4072 958 4127 de
976 4072 1030 4128 div.
1048 4071 1077 4126 11
1094 4071 1142 4140 52;
1159 4071 1221 4127 Val.
1239 4072 1311 4126 llax.
1329 4071 1375 4126 ΙΠ
1392 4071 1416 4140 7,
1433 4072 1458 4126 6.

435 4151 457 4219 ⁸)
475 4153 549 4209 Suet.
568 4155 631 4210 Div.
649 4156 701 4210 Iul.
721 4157 753 4211 77
771 4161 800 4212 et
817 4157 864 4226 81;
891 4157 1019 4226 Polyaen.
1044 4157 1129 4213 Strat.
1146 4157 1216 4214 VIII
1234 4157 1275 4227 23,
1294 4156 1341 4226 32;
1372 4158 1440 4227 App.
1465 4157 1527 4212 bell.

349 4239 400 4294 eis.
419 4238 531 4307 11116;
550 4255 634 4308 supra
650 4257 676 4308 p.
696 4239 736 4298 lb.
857 4243 878 4312 ⁷)
897 4243 1032 4312 Amphitr.
1052 4243 1119 4298 1132
1136 4243 1200 4298 Leo.

437 4323 457 4393 Β)
475 4323 556 4381 Poen.
575 4324 627 4378 463
644 4325 707 4380 Leo.
811 4327 834 4397 ⁰)
853 4328 906 4383 Oia
924 4329 958 4384 de
976 4329 1030 4385 div.
1049 4328 1138 4387 1151.
