3492 5092
365 368 427 433 198
822 361 956 430 Georgius
973 362 1087 416 Bleoher
1487 361 1541 450 [28

365 539 546 602 Annaeana
575 553 654 602 vero
684 533 839 600 sacrificii
868 531 1054 615 descriptio,
1085 537 1123 597 ut
1151 533 1236 598 hanc
1262 531 1372 613 priore
1392 531 1462 599 loco
1484 535 1541 599 ab·

364 639 535 720 solvamus,
556 636 658 702 nimia
679 635 867 703 subtilitate
890 639 989 700 aucta
1005 639 1039 700 et
1060 633 1261 716 amplificata
1276 633 1418 716 videtur,
1441 654 1540 716 quam

364 759 448 821 quae
470 759 583 806 verum
604 739 695 804 illius
725 738 881 820 temporis
903 756 996 802 usum
1019 757 1058 802 ac
1079 736 1240 802 rationem
1262 735 1356 803 nobis
1386 737 1542 804 illustret.

364 843 429 908 Sed
450 847 565 908 nostra
580 841 746 908 sententia
767 859 810 906 ne
824 839 988 905 Plinianis
1003 838 1133 919 quidem
1149 838 1260 906 verbis
1282 839 1440 906 instituta
1454 857 1542 906 mere

363 946 512 1011 Romana
525 943 621 1012 nobis
636 945 824 1010 traduntur.
854 943 951 1009 Certe
974 942 1039 1007 iam
1054 941 1170 1007 mirum
1187 946 1281 1016 esset,
1303 941 1333 1007 si
1352 941 1434 1008 illud
1448 961 1542 1009 omen

364 1055 432 1114 tam
454 1066 565 1129 grave,
584 1048 671 1127 quod
685 1045 889 1112 Octavianus
904 1045 1012 1111 Plinio
1034 1049 1122 1110 teste
1145 1043 1282 1127 accepit,
1305 1050 1431 1110 ceteros
1449 1044 1539 1111 illius

364 1150 440 1216 aevi
452 1149 628 1231 scriptores
638 1149 736 1230 plane
748 1147 926 1231 effugisset,
942 1147 999 1228 qui
1015 1146 1083 1212 alia
1098 1148 1185 1212 haud
1198 1147 1354 1230 graviora
1366 1147 1540 1214 Octaviani

365 1251 539 1334 extispicia
578 1250 823 1317 accuratissime
856 1251 1080 1316 observarunt.
1140 1250 1263 1314 Tamen
1297 1252 1539 1331 quomodocum-

364 1373 427 1436 que
449 1356 531 1420 haec
553 1373 606 1420 res
626 1372 662 1419 se
682 1355 792 1436 habet,
814 1353 849 1418 id
870 1371 929 1434 pro
946 1357 1034 1418 certo
1049 1351 1247 1434 proferatur,
1270 1354 1358 1434 apud
1377 1353 1540 1419 Romanos

363 1458 452 1524 fellis
474 1456 708 1538 inspectionem
737 1457 826 1521 haud
855 1458 989 1521 eandem
1011 1455 1166 1520 habuisse
1187 1454 1329 1536 priscam
1350 1455 1418 1521 vim
1441 1461 1540 1536 atque

363 1563 450 1642 apud
467 1560 618 1626 Graecos.
662 1558 787 1624 Horum
816 1557 902 1623 enim
931 1557 966 1623 in
993 1557 1166 1639 extispicio
1193 1558 1240 1638 tel
1269 1576 1396 1640 semper
1418 1557 1539 1624 refere-

364 1666 463 1729 batur
486 1664 528 1727 ad
549 1659 719 1744 proelium,
741 1679 813 1726 cum
836 1665 895 1726 aut
914 1659 1087 1726 victoriam
1110 1665 1168 1726 aut
1191 1660 1315 1726 cladem
1331 1660 1537 1742 interrogan-

363 1765 454 1831 tibus
477 1762 677 1846 indicaret,¹)
698 1762 734 1828 id
748 1765 832 1844 quod
848 1781 889 1829 11
903 1782 965 1828 111
981 1765 1121 1843 quodam
1136 1781 1225 1828 mero
1240 1763 1365 1830 Graeco
1381 1763 1541 1844 explicari

364 1872 480 1949 potest.
532 1866 615 1931 Nam
644 1865 764 1931 Graeci
803 1866 1012 1931 contulerunt
1047 1871 1180 1947 propter
1214 1865 1463 1932 similitudinem
1494 1865 1541 1946 fel

365 1989 437 2037 cum
466 1969 580 2055 11111)
625 1988 688 2050 qua
721 1968 756 2034 in
790 1969 894 2034 altum
924 1968 1030 2034 eiecta
1066 1967 1196 2051 signum
1230 1971 1393 2034 dederunt
1422 1969 1539 2050 proelii

365 2072 626 2156 committendi.⁸)
659 2071 840 2153 Perspicua
854 2070 959 2153 igitur
970 2070 1062 2136 ‘fellis
1077 2071 1320 2152 interpretandi
1342 2072 1539 2138 offerebatur

364 2176 450 2243 ratio
472 2175 618 2258 Graecis,
640 2194 713 2240 cum
731 2174 886 2240 Romanis
908 2174 943 2239 in
965 2173 1118 2240 Pliniano
1140 2173 1328 2240 testimonio
1350 2175 1538 2256 Neptunum

364 2278 488 2345 auxilio
517 2296 636 2344 vocare
665 2295 746 2358 opus
776 2281 864 2342 esset
892 2279 934 2341 ad
964 2275 1272 2358 interpretationem
1303 2295 1387 2358 quae
1416 2276 1539 2342 nemini

364 2379 552 2448 satisfaciat
568 2381 832 2460 extorquendam.
868 2379 1017 2445 Necnon
1032 2379 1189 2446 notabilis
1211 2383 1261 2446 cst
1276 2379 1420 2445 hocloco
1435 2379 1539 2444 Plini·

365 2501 447 2548 anus
476 2500 554 2548 usus
585 2481 716 2546 dicendi
743 2481 921 2563 horuspices
946 2479 982 2545 id
1011 2481 1067 2565 (sc.
1096 2481 1156 2566 fel)
1183 2481 1329 2565 Neptuno
1360 2487 1388 2546 et
1423 2483 1541 2547 11111111

360 2586 515 2667 potentiae
561 2583 763 2667 dicavere,
800 2603 866 2664 qua
902 2603 982 2652 voce
1027 2584 1154 2648 dicandi
1190 2584 1244 2652 vel
1280 2604 1406 2650 summa
1445 2585 1539 2651 nobis

365 2687 494 2769 quidem
515 2691 664 2753 movetur
686 2687 827 2768 suspicio
850 2688 911 2753 hoc
933 2687 1002 2753 loco
1025 2686 1177 2752 Pliniano
1199 2706 1263 2753 non
1292 2692 1425 2753 exstare
1446 2705 1539 2753 usum

363 2790 520 2856 Romanis
534 2790 746 2857 vernaculum
758 2792 816 2856 sed
830 2789 1041 2857 artificiosam
1056 2791 1219 2870 quandam
1234 2789 1539 2871 interpretationem

365 2899 400 2959 et
429 2893 556 2958 Graeco
586 2897 621 2957 et
642 2893 786 2958 Romano
816 2892 898 2958 ritui
921 2894 1121 2974 adaptatam.
1158 2892 1242 2957 Nam
1275 2891 1382 2958 inesse
1412 2892 1540 2973 aliquid

365 2995 526 3060 Graecum
560 2999 654 3074 patet
687 3013 727 3060 ex
760 3013 807 3078 eo,
840 2996 925 3075 quod
955 2996 1002 3061 fel
1036 2996 1078 3060 ad
1110 2993 1284 3062 victoriam
1317 2994 1469 3079 refertur,
1502 3002 1540 3060 ut

364 3097 484 3166 Graeci
516 3115 573 3163 111
606 3115 695 3162 more
728 3099 885 3164 solebant.
939 3098 1156 3164 Romanorum
1189 3102 1300 3164 autem
1333 3097 1409 3164 usui
1442 3097 1538 3164 satis-

363 3203 487 3266 factum
503 3205 555 3266 est
572 3219 618 3283 eo,
635 3203 720 3281 quod
734 3201 780 3266 fel
800 3205 889 3266 certo
908 3203 968 3267 deo
983 3200 1078 3282 quasi
1090 3199 1259 3283 provincia
1271 3200 1321 3266 ita
1333 3199 1539 3283 attribuitur,

363 3307 401 3368 ut
423 3303 519 3385 signa
540 3302 588 3370 ibi
609 3301 684 3369 visa
706 3304 850 3369 adhunc
866 3305 960 3369 deum
977 3302 1111 3384 eiusque
1126 3302 1297 3385 imperium
1312 3302 1539 3386 referanturf)

364 3405 430 3471 Sed
444 3422 563 3472 revera
577 3424 641 3470 non
656 3405 872 3471 Romanorum
888 3403 993 3471 fuisse
1007 3405 1093 3470 hanc
1115 3404 1202 3470 fellis
1224 3405 1460 3486 inspectionem
1479 3424 1537 3486 pro

364 3511 454 3572 certo
476 3508 634 3573 habemus
660 3507 845 3573 testimonio
867 3507 1065 3591 gravissimo
1084 3507 1249 3574 Ciceronis
1274 3505 1431 3573 commoti.
1475 3507 1539 3590 Qui

364 3609 418 3676 vir
428 3610 481 3676 his
503 3608 538 3674 in
561 3610 660 3676 rebus
682 3608 929 3676 versatissimus
943 3609 979 3675 in
993 3609 1077 3676 libro
1093 3611 1134 3676 de
1150 3610 1214 3677 div.
1230 3610 1266 3676 II
1288 3610 1434 3676 19111111
1455 3609 1539 3675 11111-

363 3712 460 3794 spicii
481 3712 642 3779 elementa
665 3711 711 3777 fel
734 3711 863 3792 quidem
892 3717 1120 3778 commemorat
1143 3714 1203 3778 sed
1226 3711 1452 3796 gallinaceum,
1474 3729 1539 3778 non

364 3834 476 3881 carum
508 3814 698 3896 hostiarum,
728 3833 812 3895 quae
842 3817 929 3896 apud
960 3816 1121 3882 Romanos
1154 3817 1384 3882 caedebantur.
1437 3815 1538 3880 Immo

364 3935 443 3983 vero
465 3916 553 3982 tauri
575 3916 683 3998 opimi,
706 3917 762 4008 qui
783 3915 893 3982 offerri
915 3917 1051 4000 solebat,
1074 3922 1245 3983 enumerat
1266 3917 1364 4000 iecur,
1387 3935 1450 4000 cor,
1469 3918 1538 3998 pul·

452 4086 471 4155 ¹)
490 4085 575 4139 Schol.
595 4086 690 4140 111111.
709 4085 875 4140 11111484.
981 4086 1002 4156 ²)
1020 4086 1105 4142 Schol.
1124 4087 1190 4144 Eur.
1208 4087 1310 4142 Phoen.
1329 4087 1405 4141 1257.

450 4172 472 4240 ³)
490 4171 574 4226 Schol.
599 4172 664 4227 Eur.
689 4171 788 4227 Phoen.
814 4173 888 4226 1377.
913 4203 947 4212 -
970 4173 1045 4241 Quae
1069 4173 1245 4228 Deeclrius
1268 4174 1286 4228 l.
1304 4174 1322 4228 l.
1346 4190 1372 4242 p.
1391 4173 1425 4227 70
1448 4173 1539 4228 adnot.

363 4257 554 4326 11911111
574 4257 665 4312 adnot.
684 4257 735 4310 260
758 4259 885 4327 apposuit
903 4259 998 4327 verba,
1022 4261 1056 4314 ad
1080 4276 1137 4315 rem
1157 4260 1344 4329 explicandam
1362 4259 1431 4314 nihil
1449 4257 1541 4314 valere

363 4359 411 4412 per
428 4359 456 4398 11
473 4349 559 4412 patet.
673 4343 694 4412 ⁴)
712 4343 771 4410 Qua
789 4345 822 4399 de
839 4361 869 4399 11
887 4345 949 4400 vide
967 4361 1024 4413 cap.
1044 4346 1095 4400 111.
