3492 5092
283 307 340 394 55]
676 308 717 361 De
736 305 877 376 extispIoio
895 306 985 376 capita
1003 305 1058 361 tria
1400 308 1464 376 225

285 500 353 544 com
367 478 584 544 sociaremus
597 477 679 560 aaut
693 477 787 542 Hans
797 478 821 562 1)
846 478 891 556 (lo
905 477 1078 559 Bassam
1094 479 1147 541 det
1168 477 1240 543 das
1259 477 1463 544 Scltdsscl-

284 582 379 646 obeo
407 581 506 659 coll,
536 600 569 645 so
596 579 678 644 wind
706 579 806 644 nacla
831 579 903 644 dos
923 579 1041 644 Hous
1067 581 1147 644 ooll
1173 579 1240 644 uod
1269 580 1340 644 clos
1360 581 1465 646 Joor

283 684 506 765 fraobtbor
525 685 602 761 scio,
617 684 672 746 ist
693 681 1072 748 dosSchalsselcbea
1087 681 1265 764 dopepea
1286 683 1365 763 tiof
1382 683 1466 746 aad

284 788 392 865 doaz,
423 807 456 852 so
476 787 541 868 piot
561 806 593 850 es
621 787 686 850 eta
708 805 888 868 maceres
908 785 1015 850 Jobr
1034 785 1103 850 aad
1123 785 1180 850 dos
1201 785 1317 850 Hans
1337 786 1465 852 oleioc

285 891 387 967 leem
415 891 496 970 aedpt
517 889 574 954 olus
595 888 810 954 Sobilsselchen
836 888 1055 970 Verlt'cfanpca
1076 889 1132 952 cote
1155 907 1214 952 ooo
1235 887 1368 952 Messor-
1391 887 1464 952 oder

284 993 512 1069 Nodclstc'chco,
545 1011 578 1056 so
611 991 712 1056 mim
743 991 809 1055 dies
840 991 903 1072 auf
931 993 982 1055 aio
1020 991 1107 1056 Grai>
1131 1040 1138 1054 .
1163 1041 1169 1054 .
1194 1044 1200 1056 .
1222 992 1273 1055 eta
1304 990 1464 1055 bledaer

284 1096 365 1177 Ro'll
392 1094 487 1158 oder
515 1094 679 1176 Spronp
709 1094 842 1159 aarum
875 1095 993 1158 cinca
1020 1095 1197 1176 joopen,
1234 1095 1285 1157 cio
1318 1097 1464 1176 prosscr

282 1199 401 1261 eloco
421 1197 703 1262 erwocbseocn
720 1196 952 1280 Meoscltea,
973 1201 1007 1263 et
1029 1217 1059 1278 p.
1084 1197 1162 1264 169:
1187 1195 1246 1260 dea
1268 1197 1374 1260 οόονθη
1396 1197 1464 1262 Tell

152 1288 154 1294 ’
283 1300 337 1364 ces
360 1300 533 1378 Kosmas,
568 1300 624 1364 ror
654 1320 712 1365 aa
744 1299 799 1364 cor
833 1301 922 1364 aaa
949 1299 1030 1364 soe
1060 1319 1119 1364 aas
1150 1298 1464 1364 abscondamus

283 1403 470 1486 decumam,
493 1403 575 1486 baill
595 1424 669 1467 moa
691 1404 740 1484 (ab
762 1402 904 1484 Sallen)
927 1402 1085 1483 aalma:
1107 1401 1162 1466 der
1184 1401 1374 1468 Tromboam
1396 1402 1464 1466 ond

277 1507 314 1586 je
335 1506 420 1570 metr
440 1526 475 1570 cr
491 1506 684 1588 pobelmdslop
705 1505 879 1588 ansacboal,
903 1525 938 1570 so
960 1504 1022 1587 doss
1043 1525 1117 1570 moa
1137 1505 1200 1586 cof
1217 1504 1272 1568 ibo
1293 1509 1385 1570 olwos
1406 1526 1462 1570 aa·

284 1609 392 1672 latmo
412 1609 530 1689 Monte,
560 1609 641 1672 desto
660 1609 756 1689 foster
774 1608 892 1690 pessimi,
921 1613 991 1690 sapt
1013 1628 1096 1685 moa,
1118 1609 1163 1672 sei
1184 1607 1240 1672 der
1257 1607 1463 1672 Tromdolloea

282 1710 337 1776 cles
357 1711 489 1777 Homer.
532 1712 703 1778 Permulta
732 1715 866 1778 exstant
903 1711 970 1778 alia
1000 1711 1149 1792 exempla
1170 1709 1309 1778 rationis
1341 1710 1463 1780 similia

282 1833 325 1880 ex
347 1814 510 1881 similibus
534 1813 749 1881 coniectandi.
780 1814 881 1880 Nemo
896 1817 1005 1880 autem
1021 1813 1088 1880 nisi
1103 1813 1158 1894 qui
1173 1815 1233 1880 hoc
1248 1813 1461 1896 perspexerit

282 1917 367 1982 satis
404 1917 594 2000 intelleget,
627 1918 785 1997 quomodo
817 1916 942 1982 factum
964 1915 1017 1998 sit,
1049 1919 1087 1982 ut
1121 1919 1236 1982 tantae
1271 1916 1462 1982 exstiterint

283 2019 518 2086 similitudines
540 2020 628 2084 inter
647 2019 846 2085 Graecorum
863 2023 897 2083 et
914 2018 1127 2084 Etruscorum
1146 2016 1361 2100 extispicium,
1382 2018 1462 2084 licet

284 2123 425 2188 alterum
464 2141 505 2187 ex
541 2123 646 2188 altero
683 2120 830 2187 derivari
866 2139 931 2186 non
960 2120 1073 2202 possit.
1124 2120 1178 2186 Ab
1206 2120 1266 2186 illa
1303 2120 1462 2188 communi

284 2224 480 2308 vulgarique
503 2225 693 2306 sympathia
714 2222 856 2304 profecti
876 2223 912 2288 in
934 2223 1075 2305 singulis
1090 2224 1188 2289 rebus
1203 2221 1462 2303 interpretandis

282 2347 355 2394 sese
377 2329 665 2394 accommodabant
696 2331 844 2394 extorum
874 2325 1074 2408 interpretes
1103 2325 1156 2392 sui
1183 2325 1320 2407 quisque
1350 2325 1461 2407 populi

282 2429 535 2498 condicionibus.
580 2431 651 2496 Iam
680 2449 745 2496 non
777 2428 941 2512 miramur,
971 2432 1057 2509 quod
1087 2449 1133 2504 ea,
1163 2448 1246 2509 quae
1276 2431 1320 2494 ad
1349 2428 1461 2510 vitam,

282 2539 434 2614 mortem,
470 2552 525 2598 res
565 2533 714 2599 omnibus
753 2533 881 2614 populis
921 2550 1103 2598 communes
1136 2533 1333 2613 spectabant
1365 2531 1462 2614 signa

282 2634 450 2700 simillima
472 2635 681 2718 exstiterunt,
708 2635 777 2700 alia
800 2639 909 2700 antem
932 2634 1031 2701 valde
1052 2634 1141 2700 inter
1162 2653 1197 2700 se
1220 2635 1461 2717 discrepabant,

282 2737 317 2802 id
332 2740 417 2818 quod
433 2737 545 2803 Cicero
560 2737 655 2803 nobis
676 2736 858 2821 testatur.²)
888 2736 986 2817 Apud
1000 2736 1170 2818 Romanos,
1194 2741 1231 2802 ut
1245 2737 1306 2804 hoc
1321 2737 1462 2818 exempli

282 2841 393 2923 gratia
406 2842 574 2923 addamne,
590 2841 634 2906 ad
648 2839 793 2905 militare
808 2838 979 2921 imperium
992 2837 1127 2919 eiusque
1143 2838 1216 2906 fata
1230 2833 1309 2920 prae
1325 2839 1461 2920 reliquis

283 2942 391 3009 omina
419 2943 610 3026 spectares)
654 2942 740 3008 Dum
771 2941 855 3008 talia
883 2941 987 3023 igitur
1019 2941 1165 3026 respicit,
1199 2961 1394 3025 cognoscere
1427 2946 1462 3008 et

282 3045 499 3127 interpretari
520 3044 629 3126 potuit
651 3049 729 3110 exta
750 3045 893 3127 populus
916 3044 1120 3111 anatomicae
1146 3044 1230 3111 artis
1253 3045 1308 3111 vel
1330 3044 1460 3126 imperi-

282 3148 440 3215 tissimus
483 3148 597 3230 Neque
619 3147 742 3214 iniuria
765 3149 968 3214 censebimus
989 3148 1109 3229 priscis
1124 3147 1325 3227 temporibus
1348 3165 1460 3212 unum-

282 3271 442 3333 quemque
463 3251 669 3334 popularium
699 3252 758 3317 boc
788 3253 881 3318 modo
903 3251 1049 3331 potuisse
1076 3256 1154 3316 exta
1176 3248 1241 3330 ipsi
1264 3247 1329 3315 sibi
1357 3248 1459 3316 inter-

281 3355 407 3436 pretari
417 3355 451 3438 ⁴);
463 3353 677 3421 recentiorem
689 3358 800 3419 autem
812 3353 1056 3434 interpretandi
1066 3352 1229 3418 rationem
1242 3350 1461 3434 artificiosam,

282 3477 378 3538 quam
408 3476 510 3538 supra
529 3478 559 3538 p.
582 3457 625 3522 46
647 3455 915 3522 adumbravimus
944 3455 1033 3521 haud
1050 3453 1142 3536 prius
1166 3454 1340 3536 exstitisse,
1363 3474 1460 3536 quam

282 3564 375 3626 certa
405 3559 544 3642 collegia
572 3560 633 3625 hoc
662 3557 868 3639 susceperint
890 3576 1014 3624 munus
1059 3557 1181 3624 Postea
1208 3557 1294 3623 enim
1315 3576 1380 3624 nou
1402 3576 1461 3639 per

281 3662 502 3746 sympathiam
531 3666 662 3728 tantum
693 3661 957 3743 explanabantur
977 3665 1062 3744 exta,
1091 3661 1149 3726 sed
1178 3660 1281 3728 multo
1304 3658 1459 3726 subtilius

282 3769 317 3831 et
343 3765 555 3832 artificiosius
584 3765 847 3831 observabantur
869 3764 924 3830 vel
946 3783 983 3830 eo
1013 3761 1157 3846 consilio,
1190 3767 1228 3828 ut
1250 3761 1459 3846 collegiorum

369 3951 389 4014 ¹)
407 3951 448 4004 ci.
466 3968 536 4019 quae
559 3952 585 4006 h.
604 3953 622 4008 l.
647 3957 791 4006 occurrunt
816 3951 897 4019 signa
927 3950 992 4020 Wep
1014 3949 1084 4018 alie,
1108 3965 1178 4018 quae
1201 3949 1283 4004 certis
1306 3949 1460 4006 nominibus

279 4051 440 4105 graecorum
456 4037 530 4092 baud
547 4036 725 4092 dissimilibus
743 4043 808 4092 sunt
825 4036 959 4105 praedita,
978 4035 1041 4090 vide
1058 4031 1187 4090 κέλευθος
1204 4051 1287 4104 supra
1304 4051 1330 4103 p.
1349 4033 1390 4089 10.

369 4120 390 4192 ¹)
408 4123 448 4178 De
466 4122 521 4178 div.
540 4122 634 4190 11283
652 4138 734 4191 supra
751 4139 777 4191 p.
794 4123 837 4176 32.

368 4207 390 4277 ³)
408 4207 468 4264 Liv.
486 4209 564 4263 XXX
582 4207 606 4275 ὃ,
625 4207 704 4262 XLII
720 4207 762 4276 30,
781 4208 871 4263 XLVI
890 4207 918 4275 13
936 4207 1035 4263 Festus
1052 4223 1079 4276 p.
1098 4206 1147 4261 157
1159 4207 1195 4261 ot.

367 4293 389 4364 ⁴)
408 4293 449 4348 Cf.
467 4295 501 4350 K.
519 4294 570 4349 nr.
589 4293 764 4348 Hermann
781 4292 879 4348 chrb.
898 4291 946 4346 der
961 4295 1027 4363 pott.
1045 4292 1143 4347 Alteri.
1162 4291 1211 4347 der
1231 4291 1281 4348 Gr.
1300 4292 1316 4359 ξ
1333 4290 1375 4346 39.
