3492 5092
258 343 314 429 63]
650 345 690 398 De
709 344 849 413 extispicio
867 345 959 414 capita
976 345 1031 400 tria
1374 350 1439 415 233

258 535 319 598 per
346 514 481 581 litteras
510 515 599 598 ipsas
629 515 683 580 dei
705 515 794 582 extis
815 515 998 582 inscribere
1020 515 1134 583 futura
1155 519 1370 602 putabantur,
1400 527 1438 586 ut

258 636 359 700 supra
376 639 408 700 p.
423 618 465 683 56
480 617 669 684 monuimus.
713 619 766 684 Ex
787 618 841 684 his
862 618 967 700 igitur
983 623 1130 702 apparet,
1153 620 1314 686 rationem
1336 623 1438 704 scrip·

259 726 366 788 torum
389 723 443 788 vel
462 721 621 787 dictorum
636 721 838 787 oraculorum
862 722 1002 788 relatam
1018 741 1089 788 esse
1105 725 1148 788 ad
1164 727 1243 789 exta
1258 743 1278 788 a
1294 724 1439 791 Graecis.

259 825 383 890 Contra
402 826 491 905 apud
505 825 676 907 Romanoa,
699 843 832 905 quornm
848 824 901 890 dei
917 843 976 906 per
992 825 1145 908 prodigia
1160 832 1315 893 accurate
1337 827 1438 892 inter·

259 929 421 1009 pretanda
453 925 568 992 futura
599 929 770 992 ostendere
804 929 963 1010 solebant,
993 933 1071 994 exta
1103 927 1204 994 sicuti
1236 929 1270 994 in
1303 930 1438 1010 reliquis

259 1029 424 1096 ominibus
453 1048 556 1096 novas
585 1028 706 1094 formas
736 1035 849 1096 contra
878 1035 1030 1096 naturam
1054 1031 1229 1114 accipiunt,
1257 1051 1359 1113 quare
1381 1052 1438 1098 au-

258 1151 385 1214 gurum,
415 1131 472 1212 qui
501 1131 654 1213 prodigia
680 1136 715 1198 et
737 1133 823 1198 caeli
844 1132 941 1214 signa
963 1135 1194 1217 observabant,
1223 1135 1309 1201 ratio
1329 1136 1438 1201 obser-

258 1235 361 1302 vandi
391 1240 424 1299 et
447 1234 692 1316 interpretandi
715 1237 758 1300 ad
784 1240 862 1300 exta
884 1235 1094 1302 transfertur.
1125 1237 1206 1302 Inde
1221 1238 1439 1303 Romanorum

258 1337 355 1403 finxit
376 1337 494 1403 iecoris
510 1337 629 1404 divisio
644 1337 806 1420 imprimis
821 1338 856 1402 in
871 1342 1000 1419 partem
1017 1339 1170 1404 hostilem
1192 1344 1227 1404 et
1241 1338 1439 1405 familiarem

258 1440 364 1522 lacta3
388 1443 428 1506 de
450 1459 515 1520 qua
536 1440 698 1506 relatione
721 1459 822 1522 supra
844 1441 984 1506 diximus
1003 1441 1061 1507 ubi
1081 1443 1121 1506 de
1144 1461 1305 1523 augurum
1318 1442 1439 1524 templo

258 1545 301 1608 ad
329 1543 421 1608 iecur
442 1543 552 1608 delato
576 1543 827 1628 disseruimus.¹)
871 1544 994 1609 Eodem
1017 1545 1071 1611 vel
1094 1543 1194 1609 simili
1221 1544 1438 1610 modoetiam

259 1647 348 1728 apud
370 1645 550 1712 Chaldaeos
574 1649 751 1712 secundum
774 1648 1011 1729 astrologorum
1027 1647 1111 1713 caeli
1133 1647 1327 1714 divisionem
1348 1647 1439 1713 iecur
1517 1715 1519 1718 .

257 1748 293 1813 in
314 1747 463 1831 singulas
485 1768 579 1815 casas
602 1733 814 1816 distributum
838 1769 910 1816 esse
933 1750 1027 1816 nobis
1047 1750 1120 1818 veri
1135 1755 1187 1816 est
1202 1750 1439 1835 simillimumfl)

344 1869 410 1935 Sed
429 1871 600 1935 redeamus
623 1871 665 1935 ad
681 1871 850 1936 Romanos.
894 1870 966 1953 Qua
988 1870 1119 1936 ratione
1143 1871 1169 1935 ii
1192 1873 1274 1936 haec
1289 1876 1438 1936 extorum

258 1971 409 2054 prodigia
445 1972 656 2054 interpretati
685 1973 769 2055 sint,
798 1974 941 2054 perbene
964 1973 1071 2038 nobis·
1089 1973 1288 2052 explanatur
1309 1973 1439 2038 Petillii

258 2075 400 2140 consulis
421 2077 576 2158 exemplo,
599 2075 656 2154 qui
678 2074 822 2140 Saluti
851 2077 932 2140 deae
954 2073 1054 2140 litare
1069 2093 1134 2140 non
1149 2075 1295 2160 potuit.⁸)
1334 2075 1438 2157 Quam

257 2179 300 2244 ob
320 2197 390 2244 rem
406 2180 448 2244 ad
471 2179 654 2244 salutem
679 2177 749 2243 eius
764 2179 946 2260 spectabat,
969 2179 1055 2258 quod
1071 2178 1208 2260 accepit,
1231 2196 1339 2242 omen:
1360 2197 1438 2243 nam

259 2280 355 2347 Salus
377 2283 439 2346 dea
462 2279 493 2346 ei
515 2299 579 2346 non
601 2284 674 2346 erat
697 2281 852 2347 adiutrix.
894 2280 1052 2364 Quoniam
1075 2281 1180 2363 igitur
1203 2280 1343 2364 singulis
1367 2281 1438 2346 deis

258 2389 371 2450 certae
400 2403 509 2450 rerum
532 2385 746 2450 humanarum
775 2390 942 2466 tamquam
964 2384 1154 2465 provinciae
1184 2383 1438 2466 magistratibus

258 2491 356 2554 erant
379 2487 573 2569 attributae,
597 2488 649 2552 dei
672 2488 744 2568 ipso
760 2488 897 2570 nomine,
920 2487 973 2553 cui
989 2487 1247 2569 sacrificabatur,
1270 2487 1438 2570 signorum

258 2591 403 2654 dabatur
424 2588 631 2669 significatio.
674 2590 764 2670 Ergo
794 2608 875 2670 opus
905 2608 969 2654 non
992 2595 1067 2654 erat
1089 2591 1183 2670 quasi
1205 2609 1265 2669 per
1286 2590 1438 2672 effigiem,

258 2696 296 2756 ut
318 2689 439 2757 Graeci
461 2691 620 2773 solebant,
650 2689 764 2756 futura
793 2692 828 2756 in
861 2691 947 2756 extis
977 2709 1180 2772 cognoscere.
1224 2692 1325 2757 Immo
1354 2692 1438 2757 satis

259 2797 332 2859 erat
345 2795 541 2859 observasse
556 2793 648 2858 cuius
664 2793 718 2858 dei
734 2795 773 2858 ad
793 2797 993 2875 potestatem
1007 2796 1160 2860 tenderet
1174 2793 1313 2876 signum.
1343 2793 1436 2876 Quod

257 2895 287 2961 si
301 2902 401 2961 antea
417 2894 635 2961 definiebatur
649 2895 778 2962 nomine
798 2896 1038 2977 inprecatione
1061 2896 1156 2980 dicto,
1176 2902 1292 2978 postea
1314 2898 1437 2979 templo

259 2999 302 3063 ad
331 2997 423 3063 iecur
452 2997 618 3064 translato
645 2999 905 3079 cognoscebatur
942 3018 983 3064 ex
1011 2999 1147 3082 regione
1181 3000 1234 3067 vel
1264 3000 1436 3081 provincia

258 3099 413 3180 cuiusque
442 3099 496 3165 dei
527 3100 561 3165 in
590 3099 696 3167 iecore
726 3101 983 3183 circumscripta.
1036 3102 1238 3182 Haruspices
1279 3102 1365 3167 enim
1401 3103 1435 3166 in

257 3203 363 3269 iecore
396 3202 572 3283 unicuique
609 3205 668 3270 deo
709 3210 834 3270 certum
870 3203 1050 3268 discocunt
1085 3205 1233 3288 locum.⁴)
1296 3203 1370 3287 Qua
1399 3224 1436 3269 re

257 3307 359 3372 multo
382 3305 590 3371 artificiosius
621 3310 656 3372 et
679 3306 846 3372 difficilius
875 3305 1043 3387 explicatu
1073 3306 1282 3388 extispicium
1310 3306 1434 3372 factum

257 3412 317 3474 est.
360 3408 443 3473 Nam
473 3407 615 3474 omnium
645 3411 775 3475 deornm
806 3409 996 3490 provinciae
1030 3409 1065 3474 in
1093 3411 1206 3475 eodem
1236 3415 1332 3476 erant
1362 3429 1435 3475 con·

257 3646 510 3715 auctnmapparuit,
520 3646 573 3700 nisi
580 3662 628 3714 per
635 3646 816 3715 sympathiam
823 3646 900 3701 illam
907 3648 1049 3717 vulgarem
1057 3648 1229 3716 praemonuit
1235 3648 1316 3703 laeta.
1329 3647 1436 3703 Exinde

256 3747 305 3800 per
321 3731 537 3800 similitudinem,
560 3737 594 3786 ut
610 3733 682 3801 apud
700 3732 816 3787 Graecos
839 3731 900 3788 fieri
927 3731 1037 3798 solebat,
1056 3734 1175 3788 relatum
1193 3742 1236 3788 est
1254 3734 1288 3788 ad
1311 3750 1435 3788 coronam

257 3817 458 3886 triumphalem.
495 3815 535 3872 Ol.
563 3833 632 3884 quae
649 3818 701 3872 hac
719 3819 752 3872 de
775 3833 804 3872 re
821 3818 937 3902 protulit
960 3818 1136 3874 Dceckius
1153 3819 1171 3872 l.
1190 3819 1208 3872 1.
1232 3835 1258 3887 p.
1276 3819 1318 3886 84,
1342 3825 1436 3874 contra

257 3919 338 3972 quem
355 3909 462 3972 pugnat
485 3903 683 3958 Ludovious
706 3904 839 3973 Stieda,
869 3903 939 3959 Uber
963 3903 1007 3957 die
1024 3905 1139 3958 dltestco
1156 3903 1370 3975 Dorstellanyea
1388 3903 1436 3958 der

257 3987 344 4043 Labor
360 4005 386 4056 p.
406 3988 520 4054 7⁸20seq.
539 3989 855 4058 (Merkel-Bonnet,
873 3989 957 4043 Aoct.
976 3989 1063 4055 Haste
1081 3990 1095 4043 I
1113 3991 1165 4044 vol.
1179 3990 1248 4058 XV).

344 4072 469 4140 1)Ι),23,
488 4073 586 4142 auso.

343 4157 364 4226 ’)
383 4158 423 4212 (tf.
442 4159 473 4211 A.
492 4159 663 4228 Boissier,
682 4159 752 4215 Note
764 4175 865 4214 aaron
877 4162 1038 4215 monument
1048 4160 1229 4230 Babylonica,
1251 4159 1355 4216 Gaudeo
1368 4160 1436 4214 1899

256 4250 286 4298 et
303 4243 420 4298 Caroli
438 4244 581 4312 Benold,
601 4245 826 4314 Supplcmentum
843 4246 916 4300 inira
933 4262 959 4314 p.
978 4245 1092 4314 lbseqq.

344 4329 364 4398 ⁸)
383 4328 443 4384 Liv.
461 4329 527 4384 XLI
545 4329 585 4384 15.
741 4332 762 4399 ⁴)
780 4332 851 4386 Plin.
868 4331 901 4386 N.
920 4332 954 4386 H.
973 4332 1014 4386 XI
1032 4333 1073 4386 75.
