3492 5092
323 378 386 444 232
786 373 1052 444 &unsarana
1447 377 1502 464 [62

323 567 403 630 deus
433 563 564 643 quidam
592 561 643 628 illi
679 561 867 647 inimcus‚1)
897 579 960 643 quo
993 565 1169 644 praesente
1198 581 1262 629 non
1292 564 1390 630 adest
1421 566 1502 632 deus

323 665 443 746 aliquis
472 664 611 731 adiutor.
654 663 894 730 Remotisaimis
923 663 1027 745 igitur
1052 664 1254 746 temporibus
1276 666 1389 748 populi
1411 667 1503 733 nulla

324 768 475 834 doctrina
496 767 616 833 imbuti
635 765 793 832 facillime
815 766 851 832 id
873 766 1120 848 concludebant,
1146 768 1232 847 quod
1253 768 1289 832 in
1311 769 1502 849 posterioris

324 871 399 938 aevi
428 889 490 936 usu
519 870 651 936 dicendi
679 870 727 935 sic
756 869 1017 951 exprimebatur:
1046 869 1180 952 integra
1209 871 1264 937 vel
1293 875 1393 937 aucta
1423 877 1503 938 exta

324 973 513 1056 significant
533 975 635 1056 bona,
664 973 757 1038 laesa
786 972 841 1038 vel
871 973 1002 1038 detorta
1023 977 1238 1053 praemonent
1267 973 1362 1040 mala.
1405 973 1501 1040 Unde

323 1095 384 1159 per
405 1074 622 1159 sympathiam
641 1074 732 1140 illam
747 1093 767 1139 a
782 1073 951 1142 veteribus
967 1057 1139 1157 statutam,
1163 1093 1259 1156 quam
1274 1094 1376 1156 supra
1390 1078 1501 1143 adum-

322 1179 500 1262 bravimus,
523 1183 558 1244 et
578 1197 639 1260 per
659 1197 758 1243 unum
781 1177 875 1257 quasi
898 1179 1036 1258 gradum
1058 1179 1279 1244 ascenderunt
1295 1181 1338 1244 ad
1353 1184 1502 1244 extorum

323 1281 632 1364 interpretationem
654 1279 954 1346 artificiosam.
991 1279 1172 1360 Postquam
1186 1286 1297 1347 autem
1312 1283 1395 1347 haec
1410 1287 1502 1348 certa

324 1384 455 1451 exstitit
481 1382 579 1459 ratio,
608 1385 651 1448 ad
674 1382 822 1464 singulas
852 1401 905 1448 res
931 1382 1199 1464 interpretandas
1220 1384 1351 1466 longius
1375 1403 1503 1466 sempor

323 1488 358 1553 in
380 1485 565 1570 pangendis
596 1485 679 1551 artis
701 1485 830 1566 legibus
852 1485 1019 1566 progressi
1042 1491 1120 1550 suut
1141 1486 1328 1567 extispices.
1371 1485 1446 1570 Qua
1466 1487 1502 1552 in

323 1609 360 1656 re
381 1590 577 1672 permultum
600 1607 654 1654 eos
676 1587 815 1654 iuvabat
836 1607 944 1653 rerum
959 1589 1248 1670 condicionumque
1263 1589 1502 1671 interrogantis

323 1697 480 1758 aromata
516 1691 675 1776 notitia.²)
729 1693 779 1756 Ac
811 1691 1012 1756 delectamur
1043 1691 1205 1775 legentes
1243 1711 1340 1772 quam
1373 1691 1502 1757 incerta

322 1794 449 1860 fuerint
471 1812 581 1860 eorum
603 1811 768 1875 responsa,
798 1793 993 1874 ubicumque
1022 1793 1144 1858 notitia
1166 1794 1227 1859 illa
1250 1792 1394 1875 celuim)
1435 1793 1501 1858 Sed

323 1897 424 1963 etiam
453 1896 637 1962 recentiore
666 1901 812 1976 tempore
841 1913 971 1977 semper
999 1895 1137 1979 vigebat
1165 1896 1275 1978 opinio
1304 1897 1381 1962 deos
1411 1895 1500 1977 ipsos

322 1999 490 2081 loquentia
519 2001 656 2066 reddere
685 2005 771 2064 exta.
820 1997 893 2082 Qua
923 2000 964 2065 de
994 2017 1095 2064 causa
1121 2017 1159 2064 eo
1189 1998 1322 2064 facilius
1351 2001 1501 2064 extorum

322 2103 419 2186 signa
441 2107 565 2184 postea,
591 2109 629 2168 ut
660 2121 761 2184 supra
790 2123 820 2184 p.
843 2103 885 2168 56
908 2101 1123 2184 exposuimus,
1152 2101 1188 2166 in
1211 2101 1403 2183 ampliorem
1425 2099 1500 2166 reli·

323 2225 458 2287 quorum
487 2204 710 2286 prodigiorum
731 2225 751 2270 a
773 2204 844 2270 deis
874 2203 1042 2270 missorum
1070 2203 1186 2270 seriem
1211 2203 1446 2270 inserebantur
1467 2207 1502 2268 et

322 2309 531 2376 habebantur
559 2327 617 2388 pro
646 2307 795 2373 oraculis.
839 2307 910 2391 Quo
941 2327 1013 2373 cum
1041 2305 1146 2388 recipi
1175 2306 1351 2387 extispicia
1384 2309 1500 2387 coepta

323 2417 441 2493 essent,
463 2409 535 2476 fieri
557 2428 621 2474 uon
644 2409 759 2492 potuit,
783 2410 862 2490 quin
884 2410 1085 2476 oraculorum
1107 2409 1237 2492 legibus
1253 2408 1358 2490 magis
1381 2408 1500 2490 magis·

323 2532 386 2593 que
402 2531 438 2578 se
450 2514 709 2578 accommodaret
720 2516 867 2579 extorum
884 2512 972 2578 ratio
987 2512 1193 2596 observandi,
1208 2511 1403 2593 pracsertim
1427 2529 1500 2576 cum

323 2615 423 2680 iidem
457 2615 649 2697 haruspices
682 2621 718 2682 et
749 2616 877 2697 reliqua
910 2615 1062 2697 prodigia
1092 2619 1128 2680 et
1157 2619 1235 2680 exta
1261 2613 1497 2696 iuspicerent.⁴)

322 2719 436 2799 Atque
460 2737 501 2784 ex
524 2737 569 2802 eo,
599 2720 685 2799 quod
707 2719 767 2784 hoc
788 2737 907 2785 revera
929 2719 979 2784 ita
1002 2717 1131 2800 accidit,
1158 2715 1264 2800 fluxit,
1288 2716 1317 2782 si
1340 2722 1431 2782 recte
1452 2716 1500 2780 iu-

324 2821 478 2904 dicamus,
509 2821 667 2888 dissensio
698 2823 858 2901 quaedam
887 2821 977 2887 inter
999 2821 1199 2887 Graecorum
1229 2825 1263 2884 et
1285 2819 1500 2884 Etruscorum

322 2941 416 2988 usum
438 2923 504 2989 iam
534 2941 634 3004 supra
655 2943 685 3004 p.
708 2925 749 2988 32
773 2928 1030 2990 commemorata.
1074 2923 1178 2988 Utin
1200 2921 1340 2987 oraculis
1364 2919 1500 2988 Graecis

323 3025 377 3092 dei
403 3025 467 3108 ipsi
489 3025 599 3092 verbis
622 3025 736 3091 futura
757 3027 1043 3109 praenuntiabant,
1073 3026 1121 3095 sic
1152 3025 1251 3091 ctiam
1273 3024 1308 3089 in
1331 3023 1419 3090 extis
1441 3041 1501 3104 per

322 3127 465 3212 effigiem
480 3147 668 3210 expressam
684 3130 902 3195 ostendebant
917 3147 1009 3194 suam
1024 3125 1268 3212 voluntateml)
1296 3126 1384 3209 Quin
1399 3125 1500 3192 etiam

411 3333 431 3403 ¹)
450 3333 490 3388 Of.
511 3333 613 3388 Lucani
630 3333 714 3388 verba
731 3349 752 3386 s.
771 3334 790 3387 l.

409 3417 430 3487 ²)
447 3419 546 3472 Festus
563 3435 589 3486 p.
609 3419 659 3471 157
677 3424 706 3473 et
723 3417 774 3471 289
792 3419 819 3472 M
845 3435 865 3472 a.
885 3435 910 3473 v.
935 3416 1047 3470 adiutor
1071 3422 1099 3470 et
1123 3415 1226 3486 regalia
1244 3417 1322 3484 eato5
1348 3415 1411 3470 Tac.
1434 3415 1499 3470 hist.

323 3503 396 3572 127,
415 3503 445 3557 ΙΙ
463 3503 504 3557 78.

409 3588 429 3657 ⁸)
448 3588 511 3642 Sall.
530 3588 592 3643 bell.
611 3589 672 3657 Ing.
691 3589 785 3643 LXIII
804 3589 832 3656 13
851 3588 923 3656 Aug.
942 3587 975 3642 de
993 3587 1043 3641 civ.
1063 3587 1107 3641 dei
1124 3587 1153 3641 11
1171 3587 1225 3654 243·
1245 3587 1308 3640 Tac.
1327 3585 1391 3640 hIst.
1410 3585 1440 3638 II
1457 3585 1499 3638 78.

408 3673 430 3742 ⁴)
448 3673 519 3729 Vide
536 3690 618 3742 supra
635 3691 660 3742 p.
679 3675 721 3740 57,
739 3675 830 3728 adnot.
849 3674 872 3728 1.

409 3759 429 3828 ὓ)
448 3760 522 3826 Quae
540 3759 621 3828 signa
638 3759 813 3813 Deechius
831 3759 849 3812 l.
867 3760 884 3812 l.
904 3775 929 3826 p.
943 3758 975 3811 71
988 3773 1060 3825 seqq.
1097 3756 1220 3811 Etruscis
1238 3770 1344 3822 quoque
1362 3753 1500 3809 vindicata

322 3846 349 3899 in
369 3844 492 3913 siugulaa
510 3844 605 3898 iecoris
629 3850 721 3912 partes
740 3843 902 3898 distribuere
927 3847 1040 3897 conatus
1064 3847 1113 3896 est.
1149 3841 1316 3896 Confitemur
1339 3839 1389 3893 hoc
1412 3839 1500 3894 adhuc

322 3930 390 3986 satis
408 3930 520 3984 dubium
535 3929 623 3984 nsum
637 3945 702 3984 esse.
737 3929 806 3982 Nam
818 3929 898 3998 plane
911 3928 1053 3993 nescimus,
1072 3933 1204 3994 quantum
1216 3926 1345 3980 iniecere
1357 3925 1405 3980 illo
1417 3939 1500 3979 aeneo

322 4021 352 4071 et
369 4016 488 4070 Graecus
507 4021 535 4068 et
552 4016 685 4069 Etruscus
703 4014 773 4069 ritus
790 4030 838 4083 pro
856 4031 906 4069 sua
924 4014 1038 4082 quisque
1055 4020 1134 4081 parte
1151 4011 1288 4066 tribuerit.
1329 4011 1385 4064 Nec
1410 4010 1499 4064 minus

322 4101 453 4156 incertam
481 4116 539 4154 esse
562 4115 700 4154 censemus
724 4100 895 4169 singularum
921 4115 1011 4154 rerum
1028 4098 1281 4166 interpretatIonem
1307 4113 1324 4150 a
1347 4096 1499 4150 Deeclxio

322 4203 370 4254 per
386 4184 569 4253 mythologice
586 4185 696 4240 iactam.
709 4215 742 4223 —
763 4185 803 4239 De
821 4185 886 4239 felle
903 4183 1092 4239 Dscchium
1109 4183 1183 4237 haud
1200 4188 1274 4237 recte
1292 4181 1426 4236 iudicasse
1444 4180 1499 4234 iam

322 4270 541 4340 supradiximus
564 4287 590 4338 p.
609 4271 642 4324 29
660 4271 751 4325 adnot.
770 4271 794 4325 2.
836 4270 966 4324 slmiliter
989 4285 1037 4324 nos
1055 4269 1163 4336 quidem
1187 4267 1308 4322 iudicare
1326 4265 1448 4334 oogImur
1465 4265 1500 4318 de

323 4356 411 4426 copttc
421 4371 482 4414 cam
493 4357 605 4424 omento,
619 4356 688 4423 quod
701 4356 810 4410 remotis
819 4355 986 4423 temporibus
995 4355 1071 4410 nulla
1080 4353 1135 4408 alia
1147 4354 1180 4407 de
1192 4369 1281 4421 causa,
1295 4351 1342 4406 ubi
1352 4349 1501 4420 iusignitor
