3492 5092
379 400 441 467 188
835 399 970 469 Georgius
986 399 1100 454 Bleoher

422 569 508 636 Seu.
532 570 665 652 Thyest.
689 569 868 652 lbbseqq.:

463 671 756 754 Ereptavivis
772 677 872 738 exta
890 671 1141 753 pectoribus
1164 677 1352 738 tremunt

464 774 658 857 spirantque
679 793 784 841 venae
807 792 926 855 corque
947 775 1054 840 adhuc
1076 775 1232 857 pavidum
1250 775 1337 842 salit.

464 882 509 944 at
534 877 613 944 illc
633 877 774 944 fibras
797 881 967 942 tractat
989 896 1036 942 ac
1057 875 1144 943 fata
1165 877 1350 959 inspicit

464 986 505 1047 et
526 980 660 1046 adhuc
679 979 874 1046 calentes
895 979 1108 1046 viscerum
1131 998 1263 1046 venas
1284 985 1416 1046 notat.

421 1134 508 1201 Son.
531 1135 648 1200 Troed.
670 1134 733 1200 355
755 1134 795 1199 (le
819 1132 1015 1199 Calchante:

464 1253 518 1320 cui
539 1253 751 1320 viscerum
770 1263 950 1331 secreta

463 1358 546 1422 (lant
567 1356 663 1437 signa
686 1354 758 1420 fati.
1040 1352 1043 1358 '

422 1510 508 1577 Seu.
539 1509 616 1575 Oed.
638 1510 701 1576 353
723 1527 829 1589 seqq.:

658 1680 692 1694 ..
716 1680 723 1693 .
744 1629 816 1694 Non
837 1628 906 1695 levi
929 1633 1027 1710 motu,
1050 1634 1088 1694 ut
1113 1631 1228 1711 solent,

464 1731 594 1814 agitata
616 1731 785 1812 trepidant
804 1735 892 1814 exta,
914 1733 972 1796 scd
995 1735 1085 1796 totas
1108 1750 1224 1797 manus

340 1843 342 1848 '
378 1846 430 1901 eoo
464 1833 619 1916 quatiunt
640 1852 856 1915 novusque
878 1832 1060 1914 prosilit
1081 1834 1203 1900 venis
1227 1853 1357 1901 eruor.

376 1971 379 1975 ·
464 1938 527 2004 Gor
547 1941 673 2002 marcet
695 1955 829 2018 aegrum
850 1935 982 2018 penitus
1003 1955 1043 2001 ec
1063 1954 1203 2003 mersum
1225 1937 1310 2003 latet

463 2040 633 2120 liventque
655 2057 775 2121 venae3
804 2057 953 2120 magna
978 2057 1077 2119 pars
1097 2038 1229 2104 fibris
1253 2040 1379 2106 abest

464 2148 498 2209 et
526 2142 632 2208 felle
654 2141 776 2224 nigro
799 2141 949 2207 tabidum
971 2145 1103 2222 spumat
1124 2140 1216 2207 iecur

464 2264 511 2310 ac
533 2263 696 2327 semper
722 2262 835 2309 omen
858 2243 981 2308 unico
1001 2243 1173 2324 imperio
1202 2263 1335 2327 grave

377 2358 430 2413 360
464 2366 513 2413 cn
542 2347 691 2428 capita
712 2345 891 2427 paribus
913 2345 1015 2411 bina
1037 2352 1304 2429 consurgunt
1326 2347 1445 2414 toris.

463 2449 542 2516 Sed
564 2455 788 2530 utrumque
817 2467 983 2514 caesum
1005 2449 1150 2514 tenuis
1173 2449 1402 2515 abscondit
1425 2457 1557 2532 caput

463 2555 715 2619 memb’rana:
737 2551 897 2617 latebram
919 2553 1019 2617 rebus
1041 2552 1178 2618 occultis
1203 2570 1328 2634 negans

463 2653 627 2721 hostile
657 2654 805 2721 valido
834 2655 987 2720 robore
1016 2653 1210 2737 insurgit
1239 2655 1356 2720 latus

463 2764 707 2839 septemque
729 2775 861 2822 venas
884 2755 1043 2838 tendit;
1066 2756 1142 2821 has
1164 2756 1294 2822 omnis
1316 2761 1435 2822 retro

376 2870 428 2925 eoo
463 2860 695 2940 prohibens
717 2859 885 2925 reverti
906 2859 1028 2925 limes
1051 2857 1218 2925 oblicus
1240 2865 1366 2925 secat.

462 2962 654 3028 Mutatus
677 2964 776 3027 ordo
798 2967 879 3044 est,
902 2962 981 3027 sede
1002 2961 1086 3026 nihil
1108 2961 1241 3043 propria
1260 2961 1356 3044 iacet,

462 3065 521 3130 sed
538 3068 615 3130 acta
636 3069 725 3130 retro
748 3069 876 3130 cuncte.
896 3082 961 3129 non
984 3063 1115 3129 animae
1137 3082 1244 3145 capax
1362 3089 1364 3092 ·

461 3167 497 3233 in
518 3171 613 3247 parte
635 3168 755 3232 dextra
776 3166 884 3248 pulmo
906 3164 1107 3249 sanguineus
1129 3164 1224 3248 iacet,

461 3287 526 3335 non
548 3269 646 3336 laeva
667 3268 757 3334 cordi
778 3269 879 3350 regio,
902 3287 967 3334 uon
989 3268 1079 3334 molli
1101 3268 1227 3334 ambitu

375 3382 428 3436 370
462 3375 594 3436 omenta
615 3371 755 3454 pingues
777 3371 899 3438 visceri
922 3372 1105 3438 obtendunt
1127 3370 1227 3436 sinus.

418 3523 510 3590 Luc.
531 3523 646 3589 Phars.
668 3525 686 3590 I
711 3525 773 3590 617
788 3543 893 3607 sequ:

461 3642 638 3708 ...Iram
660 3661 853 3724 superum
874 3644 1020 3725 raptis
1043 3642 1258 3724 quaesivit
1279 3642 1323 3708 in
1345 3641 1473 3708 extis

371 3758 375 3762 ·
460 3744 635 3811 Terruit
656 3745 749 3828 ipse
771 3747 887 3812 color
909 3751 1067 3828 vatem
1089 3763 1165 3811 nam
1187 3744 1314 3828 pallida
1345 3744 1469 3811 taetris

459 3845 590 3915 viscera
610 3847 718 3915 tincta
738 3847 824 3915 notis
846 3847 1019 3932 gelidoque
1041 3848 1167 3915 infecta
1188 3865 1305 3914 cruore

373 3960 426 4038 seo
460 3951 621 4031 plurimus
643 3953 798 4032 adsperso
821 3951 977 4020 variabat
1002 3951 1163 4035 sanguiue
1185 3951 1278 4017 livor.

460 4053 574 4119 Cernit
595 4054 674 4120 tube
695 4053 787 4120 iecur
807 4054 982 4139 madidum,
1004 4071 1220 4134 venasque
1240 4053 1432 4118 minaces

458 4155 617 4220 hostili
646 4156 693 4222 de
715 4161 842 4237 parte
872 4157 993 4224 videt.
1037 4155 1204 4222 Pulmonis
1225 4153 1336 4220 anheli

366 4281 368 4287 ·
458 4255 543 4322 fibra
564 4257 650 4324 latet
671 4277 916 4341 parvusque
939 4264 1062 4326 secet
1080 4256 1245 4327 vitalia
1266 4255 1391 4322 limes.

459 4357 522 4425 (lor
542 4359 631 4427 iacet
652 4365 687 4427 et
709 4359 833 4428 saniem
855 4381 915 4444 per
936 4362 1069 4428 hiantes
1091 4361 1221 4428 viscera
1243 4359 1345 4425 fimas
