3492 5092
272 369 327 458 37]
675 370 716 424 De
734 369 874 438 extispicio
892 371 984 439 capita
1001 371 1056 426 tria
1385 377 1449 442 207

274 547 344 608 tum
360 539 613 622 Xenophon,
636 539 780 606 Socratis
795 541 984 625 discipulus,
1000 542 1172 625 extispicio
1184 545 1391 628 attribuerit3
1415 553 1454 614 ut

272 644 359 711 enim
382 647 456 709 erat
477 643 573 709 huius
597 641 792 724 disciplinae
811 643 882 724 ipse
897 644 1125 728 peritissimus,
1135 645 1160 730 ¹)
1182 647 1302 729 Cyrum
1325 667 1452 731 quoque

270 748 424 815 iuvenem
438 749 501 811 hac
519 745 555 811 in
569 764 605 811 re
628 745 792 812 eruditum
807 745 912 829 fingit.
923 746 948 832 ²)
992 747 1129 831 Plato,
1152 748 1182 814 si
1203 754 1384 831 temporum
1399 770 1450 816 or·

271 850 381 917 dinem
402 848 637 932 persequimur,
659 849 695 915 in
718 849 800 916 Tim.
826 869 857 931 p.
882 851 973 916 7213
1002 851 1085 918 haec
1116 853 1282 934 exposuit:
1326 853 1382 917 καῖ
1403 851 1452 918 ἔτι

270 951 328 1034 μὲν
343 951 381 1038 δὴ
396 950 516 1031 ζῶντος
530 949 662 1016 ἑκάστου
681 950 718 1015 τδ
732 962 880 1015 τοιοῦτον
890 947 1003 1039 (ἧπαρ)
1019 963 1133 1038 σημεῖα
1148 951 1352 1040 ἐναργέστερα
1373 953 1450 1036 ἔχει.

270 1055 389 1138 Pergit
410 1059 517 1120 autem
542 1053 652 1120 dicere
674 1053 737 1120 sio:
760 1053 916 1140 στερηδὲν
939 1053 974 1118 δὲ
995 1067 1052 1120 τοῦ
1074 1055 1128 1141 ζῆν
1142 1060 1249 1140 γέγονε
1262 1057 1382 1143 τυφλὸν
1395 1059 1451 1122 καὶ

270 1157 311 1221 τὰ
325 1167 457 1238 μαντεῖα
472 1154 672 1240 ἀμυδρότερα
683 1152 756 1234 ἔσχε
768 1167 825 1219 τοῦ
839 1179 871 1219 τι
883 1155 985 1242 σαφὲς
996 1162 1166 1242 σημαίνειν.
1189 1160 1315 1243 Quibus
1330 1163 1452 1246 verbis

270 1259 472 1328 utbreviter
487 1260 807 1344 comprehendamus,
826 1258 950 1326 abiecit
965 1261 1190 1344 extispicium3
1214 1263 1450 1330 divinationem

270 1381 357 1447 vero,
379 1381 464 1444 quae
486 1361 645 1444 originem
667 1363 769 1428 habet
791 1381 831 1428 ex
846 1363 1025 1445 insomniis
1047 1363 1203 1430 defendit.
1247 1365 1312 1432 Sed
1334 1367 1450 1432 nihilo·

270 1466 377 1533 minus
399 1465 491 1532 aliud
512 1465 591 1545 quid
613 1466 703 1530 haud
725 1468 994 1531 contemnendum
1010 1466 1164 1533 discimus
1186 1487 1204 1533 e
1226 1467 1376 1534 Platonis
1390 1468 1451 1534 illa

271 1569 502 1652 disputatione.
546 1568 714 1634 Addamus
737 1571 839 1652 modo,
862 1571 1019 1650 quomodo
1049 1569 1345 1651 circumscripserit
1366 1573 1450 1637 ieco-

270 1673 318 1739 ris
340 1691 457 1738 munus
479 1675 580 1752 atque
601 1669 742 1736 officium
764 1691 795 1752 p.
819 1673 858 1736 71
881 1672 923 1736 B:
967 1670 1046 1748 θεὸς
1069 1718 1076 1733 .
1100 1718 1107 1733 .
1132 1719 1139 1733 .
1170 1671 1225 1758 τὴν
1251 1683 1308 1736 τοῦ
1328 1672 1452 1758 ἥπατος

270 1773 361 1840 ἰδίαν
383 1775 548 1858 ξονίστησε
569 1820 576 1834 .
601 1823 608 1838 .
634 1820 640 1834 .
669 1771 787 1837 πυκνὸν
815 1773 872 1836 καὶ
896 1773 982 1837 λεῖον
1011 1775 1065 1838 καὶ
1094 1774 1243 1859 λαμπρὸν
1272 1775 1328 1838 καὶ
1355 1775 1451 1858 γλυκὺ

270 1877 324 1942 καὶ
346 1879 524 1962 πικρότητα
548 1872 622 1956 ἕχον
641 1877 912 1961 μηχανησάμενος,
933 1874 987 1940 ἰ’να
1002 1873 1035 1940 ἐν
1049 1875 1134 1960 αὐτῷ
1153 1888 1217 1941 τῶν
1231 1875 1453 1964 διανοημάτων

270 1977 339 2062 ἡέκ
352 1990 410 2043 τοῦ
424 1989 481 2043 νοῦ
491 1981 650 2063 φερομένη
665 1976 805 2060 δύναμις,
822 1973 890 2042 οἷον
911 1975 945 2042 ἐν
958 1978 1128 2064 κατόπτρῳ
1152 1978 1312 2064 δεχομένῳ
1332 1982 1453 2057 τύπους

269 2083 326 2146 καί
347 2081 488 2146 κατιδεῖν
510 2079 628 2145 ε’ίδωλα
656 2085 832 2164 παρέχοντι
854 2083 958 2164 φοβεῖ
977 2079 1035 2162 μὲν
1056 2079 1132 2144 αότδ
1154 2083 1210 2165 (sc.
1231 2080 1267 2144 τὸ
1290 2079 1451 2169 ἒπαδυμη-

270 2184 358 2250 τικδν
378 2194 433 2270 τῆς
454 2185 573 2270 ψυχῆς)
596 2182 694 2248 δποτε
726 2186 816 2270 μέρει
844 2192 899 2269 της
919 2183 1109 2270 πικρότητος
1138 2187 1283 2269 χρωμένη
1312 2186 1454 2268 ξυγγενεῖ

270 2287 394 2374 χαλεπὴ
416 2289 672 2373 προσενεχθεῖσα
705 2284 824 2371 ἀπειλῇ
854 2287 935 2350 κατὰ
963 2297 1030 2350 πᾶν
1057 2283 1258 2369 δπομιγνῦσα
1287 2285 1387 2367 δξέως
1414 2287 1451 2352 τὸ

270 2387 359 2477 ἧπαρ
388 2389 527 2476 χολώδηι
543 2393 697 2472 χρώματα
726 2385 888 2474 λμφαίνοι,
919 2391 1099 2474 ξυνάγουσα
1119 2413 1153 2454 τε
1174 2399 1241 2454 πᾶν
1267 2389 1362 2475 ῥυσὸν
1397 2391 1452 2455 καὶ

270 2494 369 2580 τραχὺ
384 2503 488 2566 ποιοῖ,
509 2491 605 2576 λοβὸν
626 2490 730 2556 δὲκαὶ
744 2491 841 2572 δοχδις
863 2491 966 2569 πύλας
986 2515 1020 2556 τε
1041 2492 1081 2556 τὰ
1102 2491 1159 2574 μὲν
1174 2491 1209 2572 ἐξ
1232 2491 1337 2578 ὀρθοῦ
1356 2516 1451 2558 κατα-

271 2599 463 2680 κόμπτουσα
477 2596 532 2660 καὶ
548 2597 715 2676 ξυσπῶσα,
727 2595 767 2658 τδι
782 2593 818 2658 δὲ
833 2592 1056 2680 ἒμφράττουοα
1071 2595 1279 2677 συγκλείουσά
1289 2619 1332 2674 τε,
1348 2596 1452 2673 λύπας

272 2701 329 2765 καὶ
351 2699 433 2777 ἄσας
455 2702 604 2785 παρέχοι,
627 2697 682 2762 καὶ
704 2691 800 2762 trad
820 2697 861 2760 τὰ
882 2696 1006 2762 ἐνάντια
1028 2701 1184 2782 φάσματα
1213 2697 1455 2784 ἀποζωγραφοῖ

273 2803 452 2890 πραότητός
473 2824 523 2878 τις
545 2798 579 2866 ἐκ
601 2799 745 2876 διανοίας
767 2797 924 2864 ἐπίπνοια
951 2809 1005 2886 τῆς
1024 2799 1083 2882 μὲν
1110 2801 1301 2888 πικρότητος
1322 2800 1454 2885 ἡσυχίαν

270 2910 469 2990 παρέχουσα.
528 2906 628 2971 Haud
656 2903 762 2987 facile,
792 2909 831 2969 ut
859 2905 954 2970 nobis
984 2904 1114 2985 quidem
1144 2904 1285 2988 videtur,
1314 2906 1453 2988 negabit

272 3011 433 3094 quispiam
465 3009 564 3075 huius
585 3007 816 3090 descriptionis
838 3007 1000 3074 rationem
1025 3010 1067 3074 ab
1100 3008 1273 3091 extispicio
1303 3029 1374 3077 esse
1396 3012 1452 3075 de-

271 3119 444 3196 sumptam.
488 3113 573 3178 Nam
595 3111 630 3176 in
647 3111 754 3177 iecore
776 3110 870 3176 utin
893 3112 1024 3192 speculo
1056 3113 1117 3177 hoc
1139 3130 1265 3192 quoque
1286 3112 1356 3178 loco
1378 3131 1452 3177 con-

272 3217 457 3300 spiciuntur
480 3215 577 3298 signa
606 3214 776 3294 quaedam.
821 3213 907 3280 Sane
935 3211 1164 3296 ἡπατοσκόπου
1193 3231 1330 3278 munera
1357 3212 1452 3294 quasi

271 3319 520 3386 transferuntur
542 3318 585 3382 ad
607 3315 736 3382 animae
755 3320 895 3398 partem,
914 3335 1011 3397 quam
1032 3314 1069 3379 τὸ
1085 3313 1318 3402 ἐπιθυμητικόν
1331 3333 1452 3382 vocare

272 3423 357 3489 solet
378 3422 484 3487 Plato.
529 3420 593 3486 Sed
613 3420 674 3485 hoo
697 3419 846 3501 exemplo
857 3419 882 3505 8)
913 3419 997 3486 satis
1027 3419 1114 3485 clare
1144 3420 1395 3501 demonstratur,
1424 3418 1453 3485 si

271 3529 362 3591 recte
390 3523 624 3606 intelleximus,
654 3521 859 3604 extispicium
890 3521 974 3587 nihil
1002 3539 1066 3587 non
1103 3521 1247 3589 valuisse
1277 3526 1321 3588 ad
1348 3521 1452 3604 philo-

272 3627 443 3708 sophorum
468 3624 650 3692 sententias
674 3624 891 3707 expoliandos
914 3624 948 3690 id
970 3626 1054 3705 quod
1077 3623 1165 3691 infra
1192 3625 1256 3690 erit
1277 3624 1312 3690 in
1334 3642 1453 3690 memo-

270 3728 355 3794 riam
378 3729 604 3795 revocandum.

362 3915 383 3982 ¹)
402 3915 489 3970 Anah.
511 3916 533 3970 V
550 3915 575 3984 6,
593 3916 634 3970 29.
741 3914 762 3984 ¹)
780 3915 877 3985 Cyrop.
895 3916 910 3970 Ι
927 3916 952 3983 6,
970 3917 994 3970 2.

359 4000 380 4067 ³)
398 4001 466 4055 Inde
490 4001 584 4056 hausit
607 4001 666 4056 sine
689 4001 771 4056 dubio
795 4001 827 4070 ie,
851 4001 899 4069 qui
923 4002 1038 4056 confecit
1061 4000 1200 4070 dialogum
1226 4000 1272 4068 qui
1295 4001 1455 4057 inscribitur

271 4085 444 4154 Hermippus
460 4085 517 4140 sive
535 4085 567 4140 de
581 4086 731 4156 astroloyt'ct
742 4087 808 4141 haec
825 4087 923 4142 verba:
942 4090 986 4139 καὶ
1005 4088 1042 4140 ale
1053 4085 1212 4154 πρόγνωσιν
1225 4087 1308 4152 ἡμῖν
1326 4083 1454 4138 συντελεῖ·

271 4167 358 4238 ἡγὰρ
375 4173 425 4222 τοῦ
450 4170 552 4236 ἥπατος
571 4170 662 4237 φάσκε,
686 4168 809 4235 λειοτάτη
828 4166 896 4223 οὖσα
920 4176 965 4224 καὶ
989 4170 1192 4239 καθαρωτάτου
1216 4174 1331 4236 dipsacos
1354 4191 1453 4242 συγκει-

270 4258 354 4320 μίνη,
381 4253 474 4326 ὥσπερ
492 4257 523 4307 iv
540 4255 664 4327 ἐσόπτρῳ
681 4259 723 4320 τῷ
739 4257 838 4308 τούτου
857 4257 963 4322 σώματι
981 4256 1043 4308 ἐσθ’
1055 4255 1101 4308 ὅτε
1118 4258 1241 4325 ἐμφαίνει
1258 4255 1292 4308 τὰ
1309 4253 1456 4322 μέλλοντα,

271 4339 338 4392 καθ’
340 4337 407 4392 ὅσον
424 4338 613 4412 καθαρότητος
630 4339 698 4407 αὐτῇ
716 4344 824 4407 μέτεστι
842 4343 869 4411 (ξ
886 4343 921 4397 83
937 4343 1162 4408 Kroll·Viereok).
