<?xml version="1.0" encoding="UTF-8"?>
<!DOCTYPE html PUBLIC "-//W3C//DTD XHTML 1.0 Transitional//EN"
    "http://www.w3.org/TR/xhtml1/DTD/xhtml1-transitional.dtd">
<html xmlns="http://www.w3.org/1999/xhtml" xml:lang="en" lang="en">
 <head>
  <title>
</title>
<meta http-equiv="Content-Type" content="text/html;charset=utf-8" />
  <meta name='ocr-system' content='tesseract 3.04.00' />
  <meta name='ocr-capabilities' content='ocr_page ocr_carea ocr_par ocr_line ocrx_word'/>
</head>
<body>
  <div class='ocr_page' id='page_1' title='image "./deextispicocapi00bezogoog_0028.png"; bbox 0 0 3492 5092; ppageno 0'>
   <div class='ocr_carea' id='block_1_1' title="bbox 371 299 1550 390">
    <p class='ocr_par' dir='ltr' id='par_1_1' title="bbox 371 299 1550 390">
     <span class='ocr_line' id='line_1_1' title="bbox 371 299 1550 390; baseline 0 -37"><span class='ocrx_word' id='word_1_1' title='bbox 371 303 433 368; x_wconf 75' lang='lat'><strong>192</strong></span> <span class='ocrx_word' id='word_1_2' title='bbox 825 299 959 369; x_wconf 81' lang='lat' dir='ltr'><strong>Georgius</strong></span> <span class='ocrx_word' id='word_1_3' title='bbox 977 299 1090 354; x_wconf 79' lang='lat' dir='ltr'><strong>Bleclrer</strong></span> <span class='ocrx_word' id='word_1_4' title='bbox 1491 301 1550 390; x_wconf 73' lang='lat'><strong>[22</strong></span> 
     </span>
    </p>
   </div>
   <div class='ocr_carea' id='block_1_2' title="bbox 369 468 1550 655">
    <p class='ocr_par' dir='ltr' id='par_1_2' title="bbox 369 468 1550 655">
     <span class='ocr_line' id='line_1_2' title="bbox 455 468 1550 553; baseline -0.001 -14"><span class='ocrx_word' id='word_1_5' title='bbox 455 473 574 539; x_wconf 83' lang='lat' dir='ltr'><strong>Mart.</strong></span> <span class='ocrx_word' id='word_1_6' title='bbox 605 471 694 553; x_wconf 83' lang='lat' dir='ltr'><strong>Cep.</strong></span> <span class='ocrx_word' id='word_1_7' title='bbox 717 471 753 536; x_wconf 90' lang='lat' dir='ltr'>H</span> <span class='ocrx_word' id='word_1_8' title='bbox 780 472 857 538; x_wconf 85' lang='lat'>151:</span> <span class='ocrx_word' id='word_1_9' title='bbox 891 469 1122 551; x_wconf 87' lang='lat' dir='ltr'><strong>Aruspieio</strong></span> <span class='ocrx_word' id='word_1_10' title='bbox 1154 474 1254 536; x_wconf 89' lang='lat' dir='ltr'><strong>exta</strong></span> <span class='ocrx_word' id='word_1_11' title='bbox 1286 468 1550 539; x_wconf 86' lang='lat' dir='ltr'><strong>fissiculant</strong></span> 
     </span>
     <span class='ocr_line' id='line_1_3' title="bbox 369 573 880 655; baseline -0.006 -14"><span class='ocrx_word' id='word_1_12' title='bbox 369 573 643 642; x_wconf 82' lang='lat' dir='ltr'><strong>admonentis</strong></span> <span class='ocrx_word' id='word_1_13' title='bbox 666 575 880 655; x_wconf 81' lang='lat' dir='ltr'>quaedam.</span> 
     </span>
    </p>
   </div>
   <div class='ocr_carea' id='block_1_3' title="bbox 368 709 1550 892">
    <p class='ocr_par' dir='ltr' id='par_1_3' title="bbox 368 709 1550 892">
     <span class='ocr_line' id='line_1_4' title="bbox 457 709 1550 792; baseline -0.001 -15"><span class='ocrx_word' id='word_1_14' title='bbox 457 711 568 778; x_wconf 87' lang='lat' dir='ltr'><strong>Serv.</strong></span> <span class='ocrx_word' id='word_1_15' title='bbox 591 713 635 777; x_wconf 87' lang='lat' dir='ltr'><strong>ad</strong></span> <span class='ocrx_word' id='word_1_16' title='bbox 654 711 751 792; x_wconf 90' lang='lat' dir='ltr'><strong>Verg.</strong></span> <span class='ocrx_word' id='word_1_17' title='bbox 767 709 885 792; x_wconf 67' lang='lat' dir='ltr'><strong>Georgss</strong></span> <span class='ocrx_word' id='word_1_18' title='bbox 901 709 954 774; x_wconf 83' lang='grc' dir='ltr'><strong>ΠΙ</strong></span> <span class='ocrx_word' id='word_1_19' title='bbox 975 710 1050 775; x_wconf 84' lang='grc'>489;</span> <span class='ocrx_word' id='word_1_20' title='bbox 1074 709 1238 792; x_wconf 77' lang='lat' dir='ltr'><strong>Colligi</strong></span> <span class='ocrx_word' id='word_1_21' title='bbox 1260 709 1368 774; x_wconf 89' lang='lat' dir='ltr'><strong>enim</strong></span> <span class='ocrx_word' id='word_1_22' title='bbox 1390 709 1550 776; x_wconf 85' lang='lat' dir='ltr'><strong>nisiex</strong></span> 
     </span>
     <span class='ocr_line' id='line_1_5' title="bbox 368 812 1157 892; baseline -0.004 -13"><span class='ocrx_word' id='word_1_23' title='bbox 368 833 473 880; x_wconf 84' lang='lat' dir='ltr'><strong>sana</strong></span> <span class='ocrx_word' id='word_1_24' title='bbox 495 812 675 881; x_wconf 81' lang='lat' dir='ltr'><strong>victima</strong></span> <span class='ocrx_word' id='word_1_25' title='bbox 696 812 846 878; x_wconf 84' lang='lat' dir='ltr'><strong>futura</strong></span> <span class='ocrx_word' id='word_1_26' title='bbox 868 830 947 877; x_wconf 93' lang='lat' dir='ltr'><strong>non</strong></span> <span class='ocrx_word' id='word_1_27' title='bbox 968 815 1157 892; x_wconf 83' lang='lat' dir='ltr'><strong>possunt.</strong></span> 
     </span>
    </p>
   </div>
   <div class='ocr_carea' id='block_1_4' title="bbox 368 948 1549 1340">
    <p class='ocr_par' dir='ltr' id='par_1_4' title="bbox 368 948 1549 1340">
     <span class='ocr_line' id='line_1_6' title="bbox 453 948 1549 1015; baseline 0 0"><span class='ocrx_word' id='word_1_28' title='bbox 453 950 568 1015; x_wconf 89' lang='lat' dir='ltr'><strong>Loct.</strong></span> <span class='ocrx_word' id='word_1_29' title='bbox 590 949 701 1014; x_wconf 91' lang='lat' dir='ltr'><strong>Plac.</strong></span> <span class='ocrx_word' id='word_1_30' title='bbox 732 949 774 1014; x_wconf 81' lang='lat' dir='ltr'><strong>od</strong></span> <span class='ocrx_word' id='word_1_31' title='bbox 803 949 886 1014; x_wconf 83' lang='lat' dir='ltr'><strong>Stat.</strong></span> <span class='ocrx_word' id='word_1_32' title='bbox 909 948 1011 1014; x_wconf 77' lang='lat' dir='ltr'><strong>Theb.</strong></span> <span class='ocrx_word' id='word_1_33' title='bbox 1033 948 1082 1014; x_wconf 90' lang='lat' dir='ltr'><strong>IV</strong></span> <span class='ocrx_word' id='word_1_34' title='bbox 1110 948 1189 1014; x_wconf 82' lang='lat'>468:</span> <span class='ocrx_word' id='word_1_35' title='bbox 1220 949 1285 1012; x_wconf 87' lang='lat' dir='ltr'><strong>Ars</strong></span> <span class='ocrx_word' id='word_1_36' title='bbox 1308 952 1418 1013; x_wconf 88' lang='lat' dir='ltr'><strong>autem</strong></span> <span class='ocrx_word' id='word_1_37' title='bbox 1447 949 1549 1015; x_wconf 87' lang='lat' dir='ltr'><strong>haru-</strong></span> 
     </span>
     <span class='ocr_line' id='line_1_7' title="bbox 369 1049 1548 1134; baseline 0 -16"><span class='ocrx_word' id='word_1_38' title='bbox 369 1051 497 1134; x_wconf 86' lang='lat' dir='ltr'><strong>spicina</strong></span> <span class='ocrx_word' id='word_1_39' title='bbox 517 1053 579 1118; x_wconf 88' lang='lat' dir='ltr'><strong>hoc</strong></span> <span class='ocrx_word' id='word_1_40' title='bbox 600 1053 710 1134; x_wconf 85' lang='lat' dir='ltr'><strong>habet,</strong></span> <span class='ocrx_word' id='word_1_41' title='bbox 732 1056 770 1117; x_wconf 87' lang='lat' dir='ltr'><strong>ut</strong></span> <span class='ocrx_word' id='word_1_42' title='bbox 791 1056 827 1116; x_wconf 91' lang='lat' dir='ltr'><strong>et</strong></span> <span class='ocrx_word' id='word_1_43' title='bbox 842 1051 927 1116; x_wconf 88' lang='lat' dir='ltr'><strong>turis</strong></span> <span class='ocrx_word' id='word_1_44' title='bbox 942 1056 1048 1116; x_wconf 88' lang='lat' dir='ltr'><strong>motus</strong></span> <span class='ocrx_word' id='word_1_45' title='bbox 1069 1054 1104 1116; x_wconf 88' lang='lat' dir='ltr'><strong>et</strong></span> <span class='ocrx_word' id='word_1_46' title='bbox 1120 1050 1265 1132; x_wconf 79' lang='lat' dir='ltr'><strong>crepitus</strong></span> <span class='ocrx_word' id='word_1_47' title='bbox 1289 1055 1324 1116; x_wconf 89' lang='lat' dir='ltr'><strong>et</strong></span> <span class='ocrx_word' id='word_1_48' title='bbox 1341 1049 1424 1116; x_wconf 80' lang='lat' dir='ltr'><strong>sumi</strong></span> <span class='ocrx_word' id='word_1_49' title='bbox 1438 1057 1548 1118; x_wconf 86' lang='lat' dir='ltr'><strong>motus</strong></span> 
     </span>
     <span class='ocr_line' id='line_1_8' title="bbox 369 1151 1549 1235; baseline 0.001 -15"><span class='ocrx_word' id='word_1_50' title='bbox 369 1159 403 1220; x_wconf 90' lang='lat' dir='ltr'><strong>et</strong></span> <span class='ocrx_word' id='word_1_51' title='bbox 425 1154 530 1220; x_wconf 85' lang='lat' dir='ltr'><strong>flexus</strong></span> <span class='ocrx_word' id='word_1_52' title='bbox 553 1153 696 1235; x_wconf 74' lang='lat' dir='ltr'><strong>colligat</strong></span> <span class='ocrx_word' id='word_1_53' title='bbox 719 1151 872 1234; x_wconf 87' lang='lat' dir='ltr'><strong>quoniam</strong></span> <span class='ocrx_word' id='word_1_54' title='bbox 894 1154 977 1219; x_wconf 87' lang='lat' dir='ltr'><strong>haee</strong></span> <span class='ocrx_word' id='word_1_55' title='bbox 999 1151 1138 1234; x_wconf 88' lang='lat' dir='ltr'><strong>primum</strong></span> <span class='ocrx_word' id='word_1_56' title='bbox 1161 1151 1258 1234; x_wconf 88' lang='lat' dir='ltr'><strong>signo</strong></span> <span class='ocrx_word' id='word_1_57' title='bbox 1290 1157 1349 1218; x_wconf 83' lang='lat' dir='ltr'><strong>aut</strong></span> <span class='ocrx_word' id='word_1_58' title='bbox 1377 1157 1549 1221; x_wconf 75' lang='lat' dir='ltr'><strong>testantur</strong></span> 
     </span>
     <span class='ocr_line' id='line_1_9' title="bbox 368 1255 1547 1340; baseline 0.001 -18"><span class='ocrx_word' id='word_1_59' title='bbox 368 1261 544 1324; x_wconf 79' lang='lat' dir='ltr'><strong>extorum</strong></span> <span class='ocrx_word' id='word_1_60' title='bbox 559 1255 739 1340; x_wconf 85' lang='lat' dir='ltr'><strong>promissis,</strong></span> <span class='ocrx_word' id='word_1_61' title='bbox 753 1255 783 1321; x_wconf 89' lang='lat' dir='ltr'><strong>si</strong></span> <span class='ocrx_word' id='word_1_62' title='bbox 797 1258 883 1323; x_wconf 87' lang='lat' dir='ltr'><strong>bona</strong></span> <span class='ocrx_word' id='word_1_63' title='bbox 899 1257 976 1338; x_wconf 76' lang='lat' dir='ltr'><strong>rint,</strong></span> <span class='ocrx_word' id='word_1_64' title='bbox 998 1261 1067 1338; x_wconf 80' lang='lat' dir='ltr'><strong>ent,</strong></span> <span class='ocrx_word' id='word_1_65' title='bbox 1082 1255 1112 1320; x_wconf 90' lang='lat' dir='ltr'><strong>si</strong></span> <span class='ocrx_word' id='word_1_66' title='bbox 1126 1255 1301 1338; x_wconf 86' lang='lat' dir='ltr'><strong>contraria,</strong></span> <span class='ocrx_word' id='word_1_67' title='bbox 1324 1255 1547 1339; x_wconf 75' lang='lat' dir='ltr'><strong>refragantur.</strong></span> 
     </span>
    </p>
   </div>
   <div class='ocr_carea' id='block_1_5' title="bbox 368 1391 1546 1884">
    <p class='ocr_par' dir='ltr' id='par_1_5' title="bbox 368 1391 1546 1884">
     <span class='ocr_line' id='line_1_10' title="bbox 454 1391 1546 1473; baseline 0.001 -14"><span class='ocrx_word' id='word_1_68' title='bbox 454 1394 568 1459; x_wconf 84' lang='lat' dir='ltr'><strong>Lact.</strong></span> <span class='ocrx_word' id='word_1_69' title='bbox 597 1395 706 1459; x_wconf 89' lang='lat' dir='ltr'><strong>Plac.</strong></span> <span class='ocrx_word' id='word_1_70' title='bbox 737 1395 780 1458; x_wconf 84' lang='lat' dir='ltr'><strong>ad</strong></span> <span class='ocrx_word' id='word_1_71' title='bbox 807 1393 891 1458; x_wconf 84' lang='lat' dir='ltr'><strong>Stat.</strong></span> <span class='ocrx_word' id='word_1_72' title='bbox 923 1393 1024 1458; x_wconf 80' lang='lat' dir='ltr'><strong>Theb.</strong></span> <span class='ocrx_word' id='word_1_73' title='bbox 1053 1394 1084 1459; x_wconf 86' lang='lat' dir='ltr'>V</span> <span class='ocrx_word' id='word_1_74' title='bbox 1114 1394 1191 1458; x_wconf 80' lang='lat'>176:</span> <span class='ocrx_word' id='word_1_75' title='bbox 1229 1391 1307 1458; x_wconf 85' lang='lat' dir='ltr'><strong>Est</strong></span> <span class='ocrx_word' id='word_1_76' title='bbox 1337 1395 1546 1473; x_wconf 82' lang='lat' dir='ltr'><strong>quoddam</strong></span> 
     </span>
     <span class='ocr_line' id='line_1_11' title="bbox 369 1479 1546 1579; baseline -0.001 -17"><span class='ocrx_word' id='word_1_77' title='bbox 369 1496 412 1562; x_wconf 93' lang='lat' dir='ltr'><strong>in</strong></span> <span class='ocrx_word' id='word_1_78' title='bbox 434 1495 549 1562; x_wconf 85' lang='lat' dir='ltr'><strong>extis</strong></span> <span class='ocrx_word' id='word_1_79' title='bbox 579 1496 765 1578; x_wconf 90' lang='lat' dir='ltr'><strong>signum,</strong></span> <span class='ocrx_word' id='word_1_80' title='bbox 795 1479 1034 1576; x_wconf 59' lang='lat' dir='ltr'><strong>quod⁸deus</strong></span> <span class='ocrx_word' id='word_1_81' title='bbox 1063 1495 1327 1576; x_wconf 89' lang='lat' dir='ltr'><strong>appellatur.</strong></span> <span class='ocrx_word' id='word_1_82' title='bbox 1357 1498 1477 1579; x_wconf 82' lang='lat' dir='ltr'><strong>quod,</strong></span> <span class='ocrx_word' id='word_1_83' title='bbox 1507 1496 1546 1563; x_wconf 89' lang='lat' dir='ltr'><strong>si</strong></span> 
     </span>
     <span class='ocr_line' id='line_1_12' title="bbox 369 1596 1546 1681; baseline 0.003 -19"><span class='ocrx_word' id='word_1_84' title='bbox 369 1598 586 1681; x_wconf 89' lang='lat' dir='ltr'><strong>integrum</strong></span> <span class='ocrx_word' id='word_1_85' title='bbox 607 1597 882 1680; x_wconf 88' lang='lat' dir='ltr'><strong>apparuerit,</strong></span> <span class='ocrx_word' id='word_1_86' title='bbox 908 1596 1144 1680; x_wconf 89' lang='lat' dir='ltr'><strong>propitium</strong></span> <span class='ocrx_word' id='word_1_87' title='bbox 1166 1617 1315 1665; x_wconf 92' lang='lat' dir='ltr'><strong>numen</strong></span> <span class='ocrx_word' id='word_1_88' title='bbox 1337 1599 1546 1680; x_wconf 79' lang='lat' dir='ltr'><strong>ostendit3</strong></span> 
     </span>
     <span class='ocr_line' id='line_1_13' title="bbox 369 1699 1546 1783; baseline 0 -17"><span class='ocrx_word' id='word_1_89' title='bbox 369 1699 438 1766; x_wconf 89' lang='lat' dir='ltr'><strong>sin</strong></span> <span class='ocrx_word' id='word_1_90' title='bbox 460 1719 560 1767; x_wconf 85' lang='lat' dir='ltr'><strong>vero</strong></span> <span class='ocrx_word' id='word_1_91' title='bbox 591 1699 822 1783; x_wconf 80' lang='lat' dir='ltr'><strong>dimidium,</strong></span> <span class='ocrx_word' id='word_1_92' title='bbox 855 1700 1015 1768; x_wconf 90' lang='lat' dir='ltr'><strong>iratum</strong></span> <span class='ocrx_word' id='word_1_93' title='bbox 1038 1699 1273 1782; x_wconf 82' lang='lat' dir='ltr'><strong>signifieat</strong></span> <span class='ocrx_word' id='word_1_94' title='bbox 1301 1720 1451 1768; x_wconf 84' lang='lat' dir='ltr'><strong>numen</strong></span> <span class='ocrx_word' id='word_1_95' title='bbox 1470 1707 1546 1768; x_wconf 81' lang='lat' dir='ltr'><strong>aut</strong></span> 
     </span>
     <span class='ocr_line' id='line_1_14' title="bbox 368 1807 830 1884; baseline 0 -16"><span class='ocrx_word' id='word_1_96' title='bbox 368 1807 488 1869; x_wconf 90' lang='lat' dir='ltr'><strong>certe</strong></span> <span class='ocrx_word' id='word_1_97' title='bbox 510 1821 589 1868; x_wconf 91' lang='lat' dir='ltr'><strong>non</strong></span> <span class='ocrx_word' id='word_1_98' title='bbox 611 1821 830 1884; x_wconf 83' lang='lat' dir='ltr'><strong>praesens.</strong></span> 
     </span>
    </p>
   </div>
   <div class='ocr_carea' id='block_1_6' title="bbox 282 1956 1545 2346">
    <p class='ocr_par' dir='ltr' id='par_1_6' title="bbox 282 1956 1545 2346">
     <span class='ocr_line' id='line_1_15' title="bbox 454 1956 1544 2040; baseline 0.001 -19"><span class='ocrx_word' id='word_1_99' title='bbox 454 1957 715 2039; x_wconf 81' lang='lat' dir='ltr'><strong>Fulgentius</strong></span> <span class='ocrx_word' id='word_1_100' title='bbox 743 1977 773 2038; x_wconf 91' lang='lat' dir='ltr'><strong>p.</strong></span> <span class='ocrx_word' id='word_1_101' title='bbox 802 1959 872 2040; x_wconf 80' lang='lat'>112,</span> <span class='ocrx_word' id='word_1_102' title='bbox 904 1959 942 2022; x_wconf 85' lang='lat'><strong>11</strong></span> <span class='ocrx_word' id='word_1_103' title='bbox 973 1958 1085 2024; x_wconf 87' lang='lat' dir='ltr'>Helm:</span> <span class='ocrx_word' id='word_1_104' title='bbox 1119 1958 1230 2024; x_wconf 85' lang='lat' dir='ltr'><strong>Labeo</strong></span> <span class='ocrx_word' id='word_1_105' title='bbox 1262 1957 1317 2039; x_wconf 88' lang='lat' dir='ltr'><strong>qui</strong></span> <span class='ocrx_word' id='word_1_106' title='bbox 1352 1956 1544 2040; x_wconf 87' lang='lat' dir='ltr'><strong>disciplinas</strong></span> 
     </span>
     <span class='ocr_line' id='line_1_16' title="bbox 369 2057 1543 2143; baseline 0.001 -19"><span class='ocrx_word' id='word_1_107' title='bbox 369 2057 580 2125; x_wconf 80' lang='lat' dir='ltr'><strong>Etruscas</strong></span> <span class='ocrx_word' id='word_1_108' title='bbox 610 2059 748 2143; x_wconf 77' lang='lat' dir='ltr'><strong>Tagetis</strong></span> <span class='ocrx_word' id='word_1_109' title='bbox 778 2064 812 2125; x_wconf 90' lang='lat' dir='ltr'><strong>et</strong></span> <span class='ocrx_word' id='word_1_110' title='bbox 840 2059 1002 2126; x_wconf 85' lang='lat' dir='ltr'><strong>Bacitidis</strong></span> <span class='ocrx_word' id='word_1_111' title='bbox 1030 2060 1217 2142; x_wconf 86' lang='lat' dir='ltr'><strong>quindecim</strong></span> <span class='ocrx_word' id='word_1_112' title='bbox 1248 2059 1466 2127; x_wconf 85' lang='lat' dir='ltr'><strong>voluminibus</strong></span> <span class='ocrx_word' id='word_1_113' title='bbox 1488 2077 1543 2125; x_wconf 87' lang='lat' dir='ltr'><strong>ex·</strong></span> 
     </span>
     <span class='ocr_line' id='line_1_17' title="bbox 368 2160 1545 2243; baseline 0 -17"><span class='ocrx_word' id='word_1_114' title='bbox 368 2160 530 2243; x_wconf 75' lang='lat' dir='ltr'><strong>plenarii,</strong></span> <span class='ocrx_word' id='word_1_115' title='bbox 553 2161 604 2227; x_wconf 89' lang='lat' dir='ltr'><strong>ito</strong></span> <span class='ocrx_word' id='word_1_116' title='bbox 626 2161 691 2228; x_wconf 85' lang='lat' dir='ltr'><strong>ait:</strong></span> <span class='ocrx_word' id='word_1_117' title='bbox 713 2161 887 2228; x_wconf 83' lang='lat' dir='ltr'><strong>‘Fibrae</strong></span> <span class='ocrx_word' id='word_1_118' title='bbox 916 2161 1078 2228; x_wconf 90' lang='lat' dir='ltr'><strong>iecoris</strong></span> <span class='ocrx_word' id='word_1_119' title='bbox 1101 2163 1297 2229; x_wconf 87' lang='lat' dir='ltr'><strong>sandaracei</strong></span> <span class='ocrx_word' id='word_1_120' title='bbox 1324 2161 1440 2229; x_wconf 81' lang='lat' dir='ltr'><strong>coloris</strong></span> <span class='ocrx_word' id='word_1_121' title='bbox 1469 2164 1545 2227; x_wconf 87' lang='lat' dir='ltr'><strong>dum</strong></span> 
     </span>
     <span class='ocr_line' id='line_1_18' title="bbox 282 2263 1257 2346; baseline 0.002 -18"><span class='ocrx_word' id='word_1_122' title='bbox 282 2301 285 2308; x_wconf 94' lang='lat'>·</span> <span class='ocrx_word' id='word_1_123' title='bbox 365 2263 501 2346; x_wconf 84' lang='lat' dir='ltr'><strong>fuerint,</strong></span> <span class='ocrx_word' id='word_1_124' title='bbox 523 2265 670 2330; x_wconf 85' lang='lat' dir='ltr'><strong>monales</strong></span> <span class='ocrx_word' id='word_1_125' title='bbox 692 2268 772 2330; x_wconf 90' lang='lat' dir='ltr'><strong>tunc</strong></span> <span class='ocrx_word' id='word_1_126' title='bbox 794 2283 927 2330; x_wconf 83' lang='lat' dir='ltr'><strong>verrere</strong></span> <span class='ocrx_word' id='word_1_127' title='bbox 950 2283 1030 2346; x_wconf 90' lang='lat' dir='ltr'><strong>opus</strong></span> <span class='ocrx_word' id='word_1_128' title='bbox 1052 2269 1103 2330; x_wconf 89' lang='lat' dir='ltr'><strong>est</strong></span> <span class='ocrx_word' id='word_1_129' title='bbox 1125 2266 1257 2346; x_wconf 65' lang='lat' dir='ltr'><strong>petras?</strong></span> 
     </span>
    </p>
   </div>
   <div class='ocr_carea' id='block_1_7' title="bbox 453 2417 1543 2501">
    <p class='ocr_par' dir='ltr' id='par_1_7' title="bbox 453 2417 1543 2501">
     <span class='ocr_line' id='line_1_19' title="bbox 453 2417 1543 2501; baseline 0 -19"><span class='ocrx_word' id='word_1_130' title='bbox 453 2417 552 2484; x_wconf 83' lang='lat' dir='ltr'><strong>Isid.</strong></span> <span class='ocrx_word' id='word_1_131' title='bbox 575 2417 686 2501; x_wconf 87' lang='lat' dir='ltr'><strong>Origg.</strong></span> <span class='ocrx_word' id='word_1_132' title='bbox 709 2419 761 2483; x_wconf 84' lang='lat' dir='ltr'><strong>XI</strong></span> <span class='ocrx_word' id='word_1_133' title='bbox 785 2421 817 2483; x_wconf 88' lang='lat'><strong>1:</strong></span> <span class='ocrx_word' id='word_1_134' title='bbox 846 2418 1006 2484; x_wconf 86' lang='lat' dir='ltr'><strong>Fibrae</strong></span> <span class='ocrx_word' id='word_1_135' title='bbox 1029 2417 1189 2484; x_wconf 89' lang='lat' dir='ltr'><strong>iecoris</strong></span> <span class='ocrx_word' id='word_1_136' title='bbox 1211 2423 1310 2485; x_wconf 89' lang='lat' dir='ltr'><strong>sunt</strong></span> <span class='ocrx_word' id='word_1_137' title='bbox 1340 2417 1543 2484; x_wconf 84' lang='lat' dir='ltr'><strong>extremi-</strong></span> 
     </span>
    </p>
   </div>
   <div class='ocr_carea' id='block_1_8' title="bbox 365 2513 1542 2708">
    <p class='ocr_par' dir='ltr' id='par_1_8' title="bbox 365 2513 1542 2708">
     <span class='ocr_line' id='line_1_20' title="bbox 365 2513 1542 2604; baseline 0.002 -20"><span class='ocrx_word' id='word_1_138' title='bbox 365 2523 483 2586; x_wconf 87' lang='lat' dir='ltr'><strong>tates</strong></span> <span class='ocrx_word' id='word_1_139' title='bbox 505 2519 621 2586; x_wconf 87' lang='lat' dir='ltr'><strong>sicut</strong></span> <span class='ocrx_word' id='word_1_140' title='bbox 642 2525 858 2588; x_wconf 85' lang='lat' dir='ltr'><strong>extremae</strong></span> <span class='ocrx_word' id='word_1_141' title='bbox 884 2527 1033 2604; x_wconf 88' lang='lat' dir='ltr'><strong>partes</strong></span> <span class='ocrx_word' id='word_1_142' title='bbox 1057 2513 1256 2588; x_wconf 86' lang='lat' dir='ltr'><strong>foliorum</strong></span> <span class='ocrx_word' id='word_1_143' title='bbox 1286 2521 1329 2585; x_wconf 92' lang='lat' dir='ltr'><strong>in</strong></span> <span class='ocrx_word' id='word_1_144' title='bbox 1358 2520 1542 2602; x_wconf 87' lang='lat' dir='ltr'><strong>vitibus,</strong></span> 
     </span>
     <span class='ocr_line' id='line_1_21' title="bbox 366 2621 1071 2708; baseline 0.003 -21"><span class='ocrx_word' id='word_1_145' title='bbox 366 2621 460 2688; x_wconf 83' lang='lat' dir='ltr'><strong>sive</strong></span> <span class='ocrx_word' id='word_1_146' title='bbox 483 2623 603 2704; x_wconf 87' lang='lat' dir='ltr'><strong>quasi</strong></span> <span class='ocrx_word' id='word_1_147' title='bbox 625 2623 799 2708; x_wconf 87' lang='lat' dir='ltr'><strong>linguae</strong></span> <span class='ocrx_word' id='word_1_148' title='bbox 822 2625 1071 2690; x_wconf 88' lang='lat' dir='ltr'><strong>eminentes.</strong></span> 
     </span>
    </p>
   </div>
   <div class='ocr_carea' id='block_1_9' title="bbox 365 3067 1543 4175">
    <p class='ocr_par' dir='ltr' id='par_1_9' title="bbox 365 3067 1543 4175">
     <span class='ocr_line' id='line_1_22' title="bbox 453 3067 1543 3152; baseline 0 -18"><span class='ocrx_word' id='word_1_149' title='bbox 453 3067 517 3152; x_wconf 81' lang='lat' dir='ltr'><strong>Qui</strong></span> <span class='ocrx_word' id='word_1_150' title='bbox 545 3067 653 3134; x_wconf 87' lang='lat' dir='ltr'><strong>obiter</strong></span> <span class='ocrx_word' id='word_1_151' title='bbox 681 3071 812 3133; x_wconf 88' lang='lat' dir='ltr'><strong>tantum</strong></span> <span class='ocrx_word' id='word_1_152' title='bbox 841 3068 1020 3150; x_wconf 82' lang='lat' dir='ltr'><strong>perlegerit</strong></span> <span class='ocrx_word' id='word_1_153' title='bbox 1049 3068 1108 3133; x_wconf 89' lang='lat' dir='ltr'><strong>illa</strong></span> <span class='ocrx_word' id='word_1_154' title='bbox 1137 3067 1335 3149; x_wconf 88' lang='lat' dir='ltr'><strong>testimonia,</strong></span> <span class='ocrx_word' id='word_1_155' title='bbox 1368 3067 1543 3134; x_wconf 89' lang='lat' dir='ltr'><strong>mirabitur</strong></span> 
     </span>
     <span class='ocr_line' id='line_1_23' title="bbox 366 3169 1541 3254; baseline -0.001 -18"><span class='ocrx_word' id='word_1_156' title='bbox 366 3171 438 3237; x_wconf 87' lang='lat' dir='ltr'><strong>sine</strong></span> <span class='ocrx_word' id='word_1_157' title='bbox 461 3171 567 3254; x_wconf 91' lang='lat' dir='ltr'><strong>dubio,</strong></span> <span class='ocrx_word' id='word_1_158' title='bbox 591 3170 757 3236; x_wconf 86' lang='lat' dir='ltr'><strong>artissimo</strong></span> <span class='ocrx_word' id='word_1_159' title='bbox 775 3169 904 3236; x_wconf 92' lang='lat' dir='ltr'><strong>vinculo</strong></span> <span class='ocrx_word' id='word_1_160' title='bbox 927 3176 962 3236; x_wconf 88' lang='lat' dir='ltr'><strong>et</strong></span> <span class='ocrx_word' id='word_1_161' title='bbox 977 3170 1123 3236; x_wconf 85' lang='lat' dir='ltr'><strong>Graecas</strong></span> <span class='ocrx_word' id='word_1_162' title='bbox 1146 3175 1180 3235; x_wconf 89' lang='lat' dir='ltr'><strong>et</strong></span> <span class='ocrx_word' id='word_1_163' title='bbox 1194 3170 1359 3236; x_wconf 89' lang='lat' dir='ltr'><strong>Romanas</strong></span> <span class='ocrx_word' id='word_1_164' title='bbox 1375 3169 1541 3251; x_wconf 90' lang='lat' dir='ltr'><strong>opiniones</strong></span> 
     </span>
     <span class='ocr_line' id='line_1_24' title="bbox 365 3272 1541 3357; baseline 0.001 -20"><span class='ocrx_word' id='word_1_165' title='bbox 365 3272 517 3353; x_wconf 84' lang='lat' dir='ltr'><strong>plurimis</strong></span> <span class='ocrx_word' id='word_1_166' title='bbox 539 3273 574 3339; x_wconf 90' lang='lat' dir='ltr'><strong>in</strong></span> <span class='ocrx_word' id='word_1_167' title='bbox 596 3274 694 3340; x_wconf 88' lang='lat' dir='ltr'><strong>rebus</strong></span> <span class='ocrx_word' id='word_1_168' title='bbox 715 3292 787 3340; x_wconf 88' lang='lat' dir='ltr'><strong>esse</strong></span> <span class='ocrx_word' id='word_1_169' title='bbox 805 3292 976 3340; x_wconf 86' lang='lat' dir='ltr'><strong>connexas.</strong></span> <span class='ocrx_word' id='word_1_170' title='bbox 1014 3272 1088 3357; x_wconf 80' lang='lat' dir='ltr'><strong>Qua</strong></span> <span class='ocrx_word' id='word_1_171' title='bbox 1103 3272 1320 3339; x_wconf 88' lang='lat' dir='ltr'><strong>similitudine</strong></span> <span class='ocrx_word' id='word_1_172' title='bbox 1335 3272 1459 3338; x_wconf 85' lang='lat' dir='ltr'><strong>fectum</strong></span> <span class='ocrx_word' id='word_1_173' title='bbox 1483 3277 1541 3353; x_wconf 84' lang='lat' dir='ltr'><strong>est,</strong></span> 
     </span>
     <span class='ocr_line' id='line_1_25' title="bbox 366 3375 1541 3458; baseline 0.002 -19"><span class='ocrx_word' id='word_1_174' title='bbox 366 3379 405 3440; x_wconf 88' lang='lat' dir='ltr'><strong>ut</strong></span> <span class='ocrx_word' id='word_1_175' title='bbox 424 3376 640 3442; x_wconf 88' lang='lat' dir='ltr'><strong>Deeckius</strong></span> <span class='ocrx_word' id='word_1_176' title='bbox 664 3395 790 3458; x_wconf 85' lang='lat' dir='ltr'><strong>quoque</strong></span> <span class='ocrx_word' id='word_1_177' title='bbox 811 3377 942 3458; x_wconf 90' lang='lat' dir='ltr'><strong>longius</strong></span> <span class='ocrx_word' id='word_1_178' title='bbox 958 3375 1170 3442; x_wconf 88' lang='lat' dir='ltr'><strong>coniectando</strong></span> <span class='ocrx_word' id='word_1_179' title='bbox 1185 3380 1361 3458; x_wconf 86' lang='lat' dir='ltr'><strong>provectus</strong></span> <span class='ocrx_word' id='word_1_180' title='bbox 1384 3379 1427 3441; x_wconf 85' lang='lat' dir='ltr'><strong>ad</strong></span> <span class='ocrx_word' id='word_1_181' title='bbox 1442 3393 1541 3441; x_wconf 86' lang='lat' dir='ltr'><strong>unum</strong></span> 
     </span>
     <span class='ocr_line' id='line_1_26' title="bbox 365 3476 1542 3562; baseline 0.002 -21"><span class='ocrx_word' id='word_1_182' title='bbox 365 3476 488 3544; x_wconf 83' lang='lat' dir='ltr'><strong>fontem</strong></span> <span class='ocrx_word' id='word_1_183' title='bbox 500 3477 672 3559; x_wconf 87' lang='lat' dir='ltr'><strong>utriusque</strong></span> <span class='ocrx_word' id='word_1_184' title='bbox 684 3479 796 3560; x_wconf 90' lang='lat' dir='ltr'><strong>populi</strong></span> <span class='ocrx_word' id='word_1_185' title='bbox 804 3479 1015 3560; x_wconf 83' lang='lat' dir='ltr'><strong>extispicium</strong></span> <span class='ocrx_word' id='word_1_186' title='bbox 1022 3481 1179 3544; x_wconf 88' lang='lat' dir='ltr'><strong>reducere</strong></span> <span class='ocrx_word' id='word_1_187' title='bbox 1186 3477 1369 3562; x_wconf 72' lang='lat' dir='ltr'><strong>volueritl)</strong></span> <span class='ocrx_word' id='word_1_188' title='bbox 1384 3479 1542 3544; x_wconf 86' lang='lat' dir='ltr'><strong>Attamen</strong></span> 
     </span>
     <span class='ocr_line' id='line_1_27' title="bbox 366 3579 1542 3663; baseline 0.002 -19"><span class='ocrx_word' id='word_1_189' title='bbox 366 3579 555 3648; x_wconf 87' lang='lat' dir='ltr'><strong>accuratius</strong></span> <span class='ocrx_word' id='word_1_190' title='bbox 563 3580 598 3646; x_wconf 93' lang='lat' dir='ltr'><strong>in</strong></span> <span class='ocrx_word' id='word_1_191' title='bbox 608 3582 693 3646; x_wconf 87' lang='lat' dir='ltr'><strong>hanc</strong></span> <span class='ocrx_word' id='word_1_192' title='bbox 703 3601 772 3647; x_wconf 91' lang='lat' dir='ltr'><strong>rem</strong></span> <span class='ocrx_word' id='word_1_193' title='bbox 783 3580 1028 3663; x_wconf 85' lang='lat' dir='ltr'><strong>inquirentibus</strong></span> <span class='ocrx_word' id='word_1_194' title='bbox 1039 3582 1133 3648; x_wconf 90' lang='lat' dir='ltr'><strong>nobis</strong></span> <span class='ocrx_word' id='word_1_195' title='bbox 1145 3581 1365 3663; x_wconf 84' lang='lat' dir='ltr'><strong>gravissimae</strong></span> <span class='ocrx_word' id='word_1_196' title='bbox 1375 3581 1542 3647; x_wconf 86' lang='lat' dir='ltr'><strong>obsistunt</strong></span> 
     </span>
     <span class='ocr_line' id='line_1_28' title="bbox 365 3682 1541 3767; baseline 0.002 -21"><span class='ocrx_word' id='word_1_197' title='bbox 365 3699 494 3766; x_wconf 88' lang='lat' dir='ltr'><strong>causae,</strong></span> <span class='ocrx_word' id='word_1_198' title='bbox 516 3701 559 3748; x_wconf 90' lang='lat' dir='ltr'><strong>ne</strong></span> <span class='ocrx_word' id='word_1_199' title='bbox 581 3682 802 3749; x_wconf 86' lang='lat' dir='ltr'><strong>assentiamur</strong></span> <span class='ocrx_word' id='word_1_200' title='bbox 822 3683 861 3767; x_wconf 87' lang='lat' dir='ltr'><strong>ei,</strong></span> <span class='ocrx_word' id='word_1_201' title='bbox 884 3703 982 3764; x_wconf 86' lang='lat' dir='ltr'><strong>quam</strong></span> <span class='ocrx_word' id='word_1_202' title='bbox 998 3683 1055 3750; x_wconf 89' lang='lat' dir='ltr'><strong>ille</strong></span> <span class='ocrx_word' id='word_1_203' title='bbox 1076 3683 1243 3766; x_wconf 85' lang='lat' dir='ltr'><strong>professus</strong></span> <span class='ocrx_word' id='word_1_204' title='bbox 1267 3689 1326 3766; x_wconf 74' lang='lat' dir='ltr'><strong>est</strong></span> <span class='ocrx_word' id='word_1_205' title='bbox 1348 3683 1541 3750; x_wconf 87' lang='lat' dir='ltr'><strong>sententiae.</strong></span> 
     </span>
     <span class='ocr_line' id='line_1_29' title="bbox 365 3785 1542 3868; baseline 0.003 -20"><span class='ocrx_word' id='word_1_206' title='bbox 365 3787 464 3865; x_wconf 85' lang='lat' dir='ltr'><strong>Apud</strong></span> <span class='ocrx_word' id='word_1_207' title='bbox 492 3785 635 3851; x_wconf 86' lang='lat' dir='ltr'><strong>Graecos</strong></span> <span class='ocrx_word' id='word_1_208' title='bbox 671 3786 757 3852; x_wconf 91' lang='lat' dir='ltr'><strong>enim</strong></span> <span class='ocrx_word' id='word_1_209' title='bbox 792 3787 834 3851; x_wconf 85' lang='lat' dir='ltr'><strong>ab</strong></span> <span class='ocrx_word' id='word_1_210' title='bbox 865 3785 1082 3868; x_wconf 88' lang='lat' dir='ltr'><strong>extispicibus</strong></span> <span class='ocrx_word' id='word_1_211' title='bbox 1119 3791 1212 3852; x_wconf 87' lang='lat' dir='ltr'><strong>certo</strong></span> <span class='ocrx_word' id='word_1_212' title='bbox 1246 3788 1409 3867; x_wconf 79' lang='lat' dir='ltr'><strong>quaedam</strong></span> <span class='ocrx_word' id='word_1_213' title='bbox 1447 3785 1542 3868; x_wconf 88' lang='lat' dir='ltr'><strong>signa</strong></span> 
     </span>
     <span class='ocr_line' id='line_1_30' title="bbox 366 3886 1540 3972; baseline 0.002 -20"><span class='ocrx_word' id='word_1_214' title='bbox 366 3886 467 3952; x_wconf 83' lang='lat' dir='ltr'><strong>certis</strong></span> <span class='ocrx_word' id='word_1_215' title='bbox 502 3889 779 3969; x_wconf 83' lang='lat' dir='ltr'><strong>nuncupabantur</strong></span> <span class='ocrx_word' id='word_1_216' title='bbox 811 3887 1011 3972; x_wconf 60' lang='lat' dir='ltr'><strong>nominibus</strong></span> <span class='ocrx_word' id='word_1_217' title='bbox 1043 3907 1128 3970; x_wconf 86' lang='lat' dir='ltr'><strong>quae</strong></span> <span class='ocrx_word' id='word_1_218' title='bbox 1157 3907 1199 3954; x_wconf 88' lang='lat' dir='ltr'><strong>ex</strong></span> <span class='ocrx_word' id='word_1_219' title='bbox 1227 3889 1394 3972; x_wconf 88' lang='lat' dir='ltr'><strong>Hesychio</strong></span> <span class='ocrx_word' id='word_1_220' title='bbox 1429 3887 1540 3972; x_wconf 57' lang='lat' dir='ltr'><strong>arrisu</strong></span> 
     </span>
     <span class='ocr_line' id='line_1_31' title="bbox 366 3990 1540 4072; baseline 0.002 -18"><span class='ocrx_word' id='word_1_221' title='bbox 366 3994 532 4070; x_wconf 86' lang='lat' dir='ltr'><strong>comperta</strong></span> <span class='ocrx_word' id='word_1_222' title='bbox 543 3990 710 4056; x_wconf 84' lang='lat' dir='ltr'><strong>habemus.</strong></span> <span class='ocrx_word' id='word_1_223' title='bbox 741 3991 863 4057; x_wconf 82' lang='lat' dir='ltr'><strong>Contra</strong></span> <span class='ocrx_word' id='word_1_224' title='bbox 876 3990 911 4057; x_wconf 94' lang='lat' dir='ltr'><strong>in</strong></span> <span class='ocrx_word' id='word_1_225' title='bbox 927 3991 1145 4058; x_wconf 88' lang='lat' dir='ltr'><strong>Romanorum</strong></span> <span class='ocrx_word' id='word_1_226' title='bbox 1159 3990 1359 4057; x_wconf 89' lang='lat' dir='ltr'><strong>testimoniis</strong></span> <span class='ocrx_word' id='word_1_227' title='bbox 1380 4009 1540 4072; x_wconf 86' lang='lat' dir='ltr'><strong>nusquam</strong></span> 
     </span>
     <span class='ocr_line' id='line_1_32' title="bbox 365 4089 1541 4175; baseline 0.002 -20"><span class='ocrx_word' id='word_1_228' title='bbox 365 4089 431 4156; x_wconf 89' lang='lat' dir='ltr'><strong>uisi</strong></span> <span class='ocrx_word' id='word_1_229' title='bbox 452 4092 624 4173; x_wconf 83' lang='lat' dir='ltr'><strong>perpaucis</strong></span> <span class='ocrx_word' id='word_1_230' title='bbox 654 4092 734 4159; x_wconf 91' lang='lat' dir='ltr'><strong>locis</strong></span> <span class='ocrx_word' id='word_1_231' title='bbox 756 4093 938 4159; x_wconf 86' lang='lat' dir='ltr'><strong>recentiore</strong></span> <span class='ocrx_word' id='word_1_232' title='bbox 968 4113 1049 4160; x_wconf 85' lang='lat' dir='ltr'><strong>aevo</strong></span> <span class='ocrx_word' id='word_1_233' title='bbox 1072 4093 1269 4175; x_wconf 87' lang='lat' dir='ltr'><strong>conscriptis</strong></span> <span class='ocrx_word' id='word_1_234' title='bbox 1289 4093 1460 4162; x_wconf 85' lang='lat' dir='ltr'><strong>invenitur</strong></span> <span class='ocrx_word' id='word_1_235' title='bbox 1482 4093 1541 4158; x_wconf 88' lang='lat' dir='ltr'><strong>ali·</strong></span> 
     </span>
    </p>
   </div>
   <div class='ocr_carea' id='block_1_10' title="bbox 365 4231 570 4244">
    <p class='ocr_par' dir='ltr' id='par_1_10' title="bbox 365 4231 570 4244">
     <span class='ocr_line' id='line_1_33' title="bbox 365 4231 570 4244; baseline 0.005 -5"><span class='ocrx_word' id='word_1_236' title='bbox 365 4231 570 4244; x_wconf 58' lang='lat'><em>„-.—..-....</em></span> 
     </span>
    </p>
   </div>
   <div class='ocr_carea' id='block_1_11' title="bbox 454 4277 1146 4349">
    <p class='ocr_par' dir='ltr' id='par_1_11' title="bbox 454 4277 1146 4349">
     <span class='ocr_line' id='line_1_34' title="bbox 454 4277 1146 4349; baseline 0.001 -16"><span class='ocrx_word' id='word_1_237' title='bbox 454 4277 473 4347; x_wconf 90' lang='lat'><strong>¹)</strong></span> <span class='ocrx_word' id='word_1_238' title='bbox 491 4278 525 4333; x_wconf 90' lang='lat' dir='ltr'><strong>V.</strong></span> <span class='ocrx_word' id='word_1_239' title='bbox 544 4293 626 4347; x_wconf 78' lang='lat' dir='ltr'><strong>ouprs</strong></span> <span class='ocrx_word' id='word_1_240' title='bbox 643 4295 669 4347; x_wconf 89' lang='lat' dir='ltr'><strong>p.</strong></span> <span class='ocrx_word' id='word_1_241' title='bbox 687 4280 712 4334; x_wconf 83' lang='lat'><strong>2.</strong></span> <span class='ocrx_word' id='word_1_242' title='bbox 813 4279 834 4348; x_wconf 88' lang='lat'><strong>¹)</strong></span> <span class='ocrx_word' id='word_1_243' title='bbox 853 4281 886 4335; x_wconf 85' lang='lat' dir='ltr'><strong>V.</strong></span> <span class='ocrx_word' id='word_1_244' title='bbox 906 4295 988 4348; x_wconf 81' lang='lat' dir='ltr'><strong>supro</strong></span> <span class='ocrx_word' id='word_1_245' title='bbox 1006 4297 1031 4349; x_wconf 88' lang='lat' dir='ltr'><strong>p.</strong></span> <span class='ocrx_word' id='word_1_246' title='bbox 1050 4279 1146 4348; x_wconf 79' lang='lat' dir='ltr'><strong>lOseq.</strong></span> 
     </span>
    </p>
   </div>
   <div class='ocr_carea' id='block_1_12' title="bbox 0 0 1750 5092">
    <p class='ocr_par' dir='ltr' id='par_1_12' title="bbox 0 0 1750 5092">
     <span class='ocr_line' id='line_1_35' title="bbox 0 0 1750 5092; baseline 0 1"><span class='ocrx_word' id='word_1_247' title='bbox 0 0 1750 5092; x_wconf 95' lang='lat' dir='ltr'><strong> </strong></span> 
     </span>
    </p>
   </div>
  </div>
 </body>
</html>
