3492 5092
232 353 285 442 45]
628 353 669 406 De
687 351 828 420 extispicio
846 351 938 420 capita
954 353 1010 406 tria
1345 354 1409 420 215

233 521 324 588 α’ίσια
333 543 369 586 τε
383 521 441 586 οὐκ
451 517 534 586 εἶναι
548 521 711 605 λεγόντων,
726 519 860 607 ὀκνήσας
873 520 928 585 τὸν
942 518 1080 586 ἔκπλουν
1094 521 1149 586 διά
1168 546 1203 588 τε
1220 523 1256 588 τὸ
1272 523 1315 610 μὴ
1327 523 1409 589 καλὰ

232 635 371 712 φανῆναι
386 625 427 688 τὰ
449 623 519 709 ἱερὰ
541 677 548 690 .
571 676 578 690 .
603 671 610 686 .
633 622 797 710 ἐνετράπη.
810 625 835 710 ¹)
879 625 1029 706 Denique
1050 644 1115 692 non
1137 626 1301 710 miramur,
1323 631 1411 709 quod
1487 702 1491 711 ¹

232 729 1410 813 IulianusquivocaturApostatahocusurpavitgenusdivinandi.²)

317 833 475 900 Videmus
497 832 604 915 igitur
625 851 646 898 a
665 831 768 898 variis
790 831 969 914 posteriore
991 851 1073 900 aevo
1088 833 1303 900 nobilioribus
1324 835 1410 901 exti-

233 936 369 1019 spicium
380 936 473 1001 modo
486 935 615 1001 omnino
631 934 803 1017 abiectum,
821 935 914 1000 modo
929 953 1131 1017 summopere
1143 936 1310 1002 defensum
1329 955 1410 1004 esse.

234 1041 334 1122 Apud
355 1037 509 1120 populum
531 1055 611 1104 vero
633 1038 689 1104 vel
710 1037 839 1119 plebem
861 1039 988 1118 semper
1010 1037 1121 1104 floruit
1142 1039 1200 1121 ita,
1220 1043 1259 1105 ut
1280 1042 1410 1106 codex

233 1141 290 1208 ille
322 1139 380 1222 qui
407 1139 529 1206 <licitur
551 1139 872 1206 Theodosianus
901 1139 1077 1221 extispices
1107 1141 1240 1208 summis
1269 1147 1412 1209 terreret

233 1242 419 1325 suppliciis:
433 1263 473 1306 ae
486 1243 571 1306 albas
580 1242 736 1324 bomapec
752 1243 846 1305 limen
861 1243 990 1306 alerias
1010 1241 1162 1307 accederet
1171 1243 1213 1328 ⁸),
1230 1245 1286 1324 qui
1301 1251 1412 1310 autem

236 1365 374 1414 ausurus
385 1351 472 1412 esset
488 1345 652 1427 spirantia
667 1349 744 1410 exta
756 1345 934 1428 consulere,
945 1364 1017 1410 eum
1029 1347 1140 1411 eodem
1156 1348 1248 1412 modo
1263 1347 1413 1428 punitum

235 1449 279 1514 iri
300 1453 400 1529 atque
421 1449 532 1514 laesae
553 1447 739 1514 maiestatis
768 1466 869 1513 reum.
882 1448 908 1533 4)
958 1447 1072 1530 Neque
1101 1448 1286 1529 superfluae
1315 1457 1413 1516 erant

235 1552 299 1618 hae
327 1549 451 1632 minae3
484 1569 562 1616 nam
583 1569 671 1618 nuuc
702 1570 721 1616 e
749 1569 875 1633 papyro
905 1569 1009 1631 nuper
1041 1549 1076 1616 in
1102 1552 1254 1634 Aegypto
1275 1552 1412 1619 inventa

238 1657 439 1736 compertum
460 1653 618 1719 babemus
639 1653 687 1718 ibi
705 1653 805 1719 etiam
820 1653 920 1720 tertio
943 1659 977 1720 et
999 1657 1118 1734 quarto
1139 1673 1170 1735 p.
1192 1653 1266 1720 Chr.
1288 1675 1319 1722 n.
1341 1675 1412 1722 sae·

235 1755 306 1822 culo
329 1754 539 1837 extispicium
561 1755 718 1822 floruisse.
729 1756 754 1842 ὗ)

321 1859 414 1942 Quod
438 1877 510 1924 cum
532 1858 583 1923 ita
605 1877 641 1924 se
662 1859 811 1941 haberet,
834 1857 1008 1924 christiani
1031 1879 1159 1940 quoque
1178 1865 1326 1942 patres
1348 1881 1413 1928 ec·

201 1992 207 2004 ·
236 1962 397 2030 elesias
407 1960 489 2028 tici
504 1966 620 2028 contra
635 1963 721 2027 hunc
737 1979 829 2026 usum
842 1961 1027 2027 sententias
1041 1961 1152 2028 dicere
1168 1964 1341 2030 debebant.
1364 1965 1415 2032 Ae

234 2064 450 2132 Minucius
465 2063 591 2130 Felix
605 2063 767 2127 doemonas
778 2063 933 2129 exhorret
946 2067 1084 2126 cetorum
1092 2063 1190 2144 fibros
1201 2066 1414 2152 animantem),

236 2167 479 2252 Cyprianus
515 2166 704 2233 confitetur:
740 2163 985 2247 ἧπατοσκοπίαν
1021 2162 1149 2247 ἔμαθον
1185 2167 1239 2231 καὶ
1268 2164 1302 2231 ἐν
1338 2171 1414 2253 βαρ-

231 2270 348 2354 βάροις
359 2265 538 2350 οἰωνισμόν.
544 2269 568 2352 ⁷)
581 2270 664 2334 Aru
673 2269 793 2336 obius
805 2268 829 2354 ⁸)
841 2271 978 2335 eandem
991 2268 1062 2335 fere
1073 2271 1273 2336 sententiam
1287 2271 1416 2354 profert

236 2377 337 2454 atque
368 2371 540 2438 Minucius.
601 2372 725 2438 Eodem
757 2374 851 2438 modo
887 2371 954 2440 sibi
983 2372 1177 2454 explanavit
1205 2373 1415 2458 haruspicum

237 2474 418 2542 doctrinam
441 2475 712 2542 Lactantius.
755 2474 965 2542 Diocletiano
984 2475 1071 2542 enim
1094 2475 1302 2543 sacrificante
1331 2478 1416 2544 exti-

235 2577 342 2660 spices
362 2577 471 2642 solitas
490 2579 527 2641 ia
549 2579 627 2642 emas
646 2583 737 2642 actas
753 2598 816 2642 aon
842 2577 983 2642 auocat
1003 2579 1181 2646 Lactantio
1215 2583 1311 2664 teste,
1340 2583 1416 2662 puta

236 2681 374 2744 mmtstro'
393 2680 557 2744 alaeam
576 2681 734 2762 frontibus
753 2682 820 2746 suas
839 2682 1051 2761 imposuerant
1072 2682 1174 2745 croco
1193 2683 1328 2765 meacm,
1353 2702 1417 2764 qao

164 2833 166 2838 .
236 2803 271 2846 re
289 2782 445 2865 fapobact
466 2782 627 2848 daemones
647 2785 683 2847 ta
703 2786 780 2848 estis
807 2783 983 2870 vasatosl)
1026 2783 1095 2849 Nee
1116 2803 1181 2850 non
1201 2784 1417 2852 Eusebius

236 2891 352 2952 eontra
373 2885 550 2969 extispices
571 2890 701 2970 pugnat
723 2888 899 2952 demonstr.
921 2905 971 2954 ev.
996 2887 1023 2952 V
1045 2905 1184 2969 prooem
1207 2887 1226 2970 p
1249 2888 1299 2954 29.

328 3071 348 3141 ¹)
366 3072 426 3128 Zos.
445 3073 475 3127 11
492 3072 526 3126 12
544 3078 573 3128 et
590 3073 632 3126 16.

323 3157 344 3228 ²)
363 3161 450 3213 Amm.
474 3159 556 3214 Marc.
575 3160 658 3214 XXII
684 3159 732 3227 123
756 3158 817 3214 Zos.
835 3160 881 3214 III
899 3160 946 3228 11,
971 3160 1074 3214 11112.
1115 3159 1196 3228 Apud
1219 3157 1417 3214 ecclesiasticos

236 3243 381 3312 scriptores
398 3244 516 3314 legimus
534 3245 671 3300 Iulianum
688 3244 718 3299 in
735 3245 835 3313 templo
860 3245 976 3312 quodam
998 3244 1128 3299 feminam
1145 3243 1288 3311 reliquisse
1311 3244 1417 3312 capillis

238 3344 410 3398 impensam,
434 3329 511 3386 euius
534 3330 597 3385 alvo
619 3330 737 3386 dmseets
753 3330 891 3385 Persicam
909 3330 1052 3386 victoriam
1078 3345 1113 3384 ex
1135 3329 1223 3384 iecore
1244 3328 1418 3399 amouisset

238 3414 359 3484 (Niccpb.
383 3415 456 3470 Hist
473 3416 545 3470 Eccl.
564 3417 590 3469 X
606 3415 654 3486 353
678 3415 842 3471 Theodoreti
858 3415 931 3470 Hist.
950 3415 1021 3470 Eccl.
1040 3415 1085 3469 III
1102 3415 1150 3484 21;
1174 3414 1324 3471 Cassiodon
1342 3414 1416 3471 Eiet.

238 3499 506 3655 mpsfflrlssak
598 3586 765 3656 ⁴)xv110,
784 3587 817 3640 12
836 3588 852 3654 s
870 3587 895 3641 1.

323 3669 346 3737 δ)
364 3671 493 3726 Amtcrat
508 3671 618 3742 Pappri
634 3673 676 3728 etl,
694 3672 978 3728 montell-Eunt
995 3672 1048 3726 vol.
1066 3672 1096 3726 II
1115 3673 1156 3725 14.

323 3754 345 3825 ο)
361 3755 457 3812 Octev.
473 3773 498 3812 c.
516 3757 558 3812 21.
664 3757 686 3827 7)
704 3759 775 3814 Acta
791 3758 818 3813 S.
836 3757 862 3812 S.
878 3757 986 3826 Septbr.
1003 3762 1025 3812 t.
1043 3757 1099 3812 v11
1116 3773 1142 3826 p.
1155 3755 1214 3826 222,
1232 3757 1275 3812 44.

324 3840 345 3910 ⁸)
363 3841 433 3897 Adv.
451 3848 526 3912 gent
545 3843 587 3898 IV
605 3843 645 3897 11.
766 3843 789 3912 ο)
807 3844 849 3900 De
866 3843 999 3900 mortibus
1015 3857 1117 3912 perseo.
1136 3841 1178 3896 10.
