3492 5092
390 361 453 426 ια
840 353 1105 426 connum
1530 350 1567 439 [4

475 529 625 597 Heroll
646 527 698 594 IX
719 527 777 594 36:
806 519 904 603 Οδτος
924 522 963 610 δὴ
983 523 1055 589 τδτι
1074 533 1189 588 τοῖσι
1207 519 1374 608 Ἕλλησι
1392 521 1412 588 δ
1441 530 1565 587 Τισα·

389 630 512 714 μονός
645 623 896 712 ἐμαντεύετο
929 621 970 692 έν
996 637 1042 712 τῇ
1070 624 1310 690 Πλαταιΐδι.
1340 635 1454 691 τοῖσι
1493 629 1567 707 μέν

390 757 458 798 νυν
496 729 663 820 Ἕλλησι
704 729 810 795 καλὰ
851 724 1012 814 ἐγένετο
1054 729 1103 793 τὰ
1138 727 1208 814 ipis
1243 727 1566 811 ἀμυνομένοισι,

390 835 567 919 διαβᾶσι
588 833 632 898 δέ
658 831 920 899 τὸνίέαιοιτὸν
939 832 1009 896 καλ
1028 832 1162 918 μάχης
1182 830 1359 917 ἄρχουσι
1379 829 1435 896 οδ.

476 974 625 1040 Herod·
641 972 766 1038 Ixeu:
787 968 1011 1056 Μαρδονίῳ
1027 967 1413 1053 δὲπροδυμιομένῳ
1434 967 1569 1052 μάχης

391 1075 536 1160 ἄρχειν
557 1073 628 1139 οὐκ
649 1071 860 1159 ἐπιτήδεα
883 1066 1043 1157 ἐγένετο
1075 1070 1123 1135 τὰ
1151 1069 1236 1156 ἱρά,
1258 1069 1501 1155 ἀμυνομένῳ
1524 1067 1569 1133 δὲ

391 1177 460 1242 καλ
481 1178 612 1260 τούτῳ
641 1175 760 1240 καλά·
791 1175 861 1240 καλ
888 1174 964 1259 γὰρ
986 1168 1108 1250 οὗτος
1128 1172 1411 1259 Ἑλληνικοῖσι
1434 1170 1569 1256 λροῖσι

391 1278 561 1366 ἐχρᾶτα’

477 1418 587 1483 Plus
608 1415 710 1482 Alis‘t
733 1417 790 1482 18:
813 1421 996 1500 Δυσφορῶν
1017 1407 1104 1478 οὖνὸ
1126 1415 1309 1490 Παυσανίας
1329 1422 1399 1488 τοῖς
1418 1421 1568 1497 παροῦσι,

393 1518 489 1583 ἄλλα
517 1529 582 1582 τοῦ
614 1517 784 1599 μάντεως
805 1511 865 1580 ἔτι)
887 1515 1035 1592 ἄλλοις
1056 1514 1194 1601 ἱερεῖα
1214 1513 1568 1598 καταβάλλοντος,

392 1624 595 1707 τρέπεται
615 1618 721 1705 πρὸς
751 1625 794 1682 τὸ
826 1616 992 1704 Ἡραῖον
1019 1629 1057 1703 τῇ
1080 1616 1158 1702 ὄψει
1188 1616 1418 1704 δεδακρυμένος
1437 1615 1493 1680 καὶ
1512 1615 1570 1692 τὰς

393 1733 504 1808 χεῖρας
536 1721 685 1802 ἀνασχὼν
718 1721 865 1800 εὔξατο
894 1723 1099 1807 Κιθαιρωνίᾳ
1113 1717 1201 1807 Ἥρᾳ
1232 1721 1287 1785 καλ
1321 1722 1415 1796 θεοῖς
1449 1718 1569 1794 ἄλλοις,

394 1827 427 1889 οἳ
447 1823 630 1890 Πλαταιΐδα
650 1832 706 1910 γῖμ
726 1823 853 1904 ἔχουσιν
868 1869 875 1886 .
893 1871 900 1886 .
919 1869 926 1886 .
941 1834 1041 1887 ταῦτα
1058 1833 1115 1887 τοῦ
1128 1826 1310 1888 Παυσανίου
1325 1821 1571 1898 θεοκλυτοῦντος

394 1927 478 2011 ἅμα
505 1937 598 2004 ταῖς
620 1925 765 2006 εὐχαῖς
793 1924 923 2013 ἐφάνη
943 1926 991 1990 τὰ
1025 1923 1116 2011 ἱερὰ
1142 1926 1216 1990 καὶ
1241 1923 1397 2011 νῖκηυδ
1424 1926 1571 2007 μάντις

394 2027 594 2118 ἕυυαζεέ)

482 2201 503 2270 ¹)
520 2202 683 2270 Herodotus,
700 2201 748 2256 uhi
766 2201 800 2256 de
817 2201 911 2256 eedem
925 2216 956 2256 re
972 2200 1126 2269 disputavit
1143 2199 1194 2270 (1X
1211 2199 1265 2269 61),
1289 2198 1389 2268 σφάγια
1406 2196 1572 2253 Peuce-niem

393 2287 490 2344 fecisse
515 2287 662 2342 memorise
687 2285 812 2342 trelirlit.
852 2285 1017 2340 Plutarchus
1045 2301 1094 2353 pro
1123 2299 1188 2340 voce
1211 2285 1314 2354 σφάγια
1335 2283 1480 2340 substituit
1502 2281 1571 2354 ἱερά.

394 2372 473 2428 Unde
490 2371 703 2427 concludendum
715 2376 758 2426 est
768 2387 830 2426 eum
841 2371 897 2425 ism
913 2385 968 2426 non
979 2370 1154 2441 intellexisse,
1173 2370 1239 2438 quid
1256 2371 1367 2425 intersit
1382 2370 1455 2425 inter
1472 2367 1573 2438 σφάγια

394 2462 424 2512 et
441 2456 508 2526 ἱερά,
526 2472 595 2525 ques
608 2456 758 2525 Xenophon
769 2455 868 2510 telium
879 2471 970 2511 rerum
982 2456 1055 2511 hnud
1066 2455 1210 2524 imperitus
1228 2456 1326 2526 (Auel.
1337 2456 1363 2511 V
1374 2455 1399 2522 6,
1410 2454 1455 2524 29)
1471 2453 1573 2510 neuter

395 2541 715 2612 distemit(Aneb.18,
735 2541 781 2609 153
799 2541 840 2596 VI
857 2541 882 2610 5,
900 2541 918 2595 8
935 2546 964 2596 et
981 2541 1034 2608 21).
1068 2542 1143 2611 Ergo
1159 2540 1194 2593 τὰ
1212 2539 1313 2610 σφάγια
1331 2557 1384 2596 non
1395 2544 1520 2609 speum
1536 2540 1572 2594 ud

395 2626 567 2696 extispicium
590 2627 663 2682 siout
683 2624 719 2679 τὰ
741 2624 816 2696 leuci,
840 2643 910 2694 quse
933 2628 968 2682 οδ
992 2628 1042 2683 hoo
1065 2627 1207 2683 divhendi
1232 2643 1320 2697 genus
1343 2625 1467 2681 ndhibite
1488 2624 1573 2680 luisse

395 2727 426 2766 eo
437 2712 649 2782 demonstretur,
667 2712 739 2781 quod
756 2707 842 2778 ἄλοβα
854 2713 961 2782 κουρίαι
973 2718 1106 2768 vocentur
1117 2713 1196 2782 (Xen.
1208 2713 1280 2768 Hell.
1291 2713 1336 2767 111
1347 2713 1372 2780 4,
1385 2712 1431 2780 153
1449 2711 1490 2766 1v
1501 2711 1525 2780 7,
1538 2710 1573 2780 7).

395 2797 454 2864 Quo
471 2803 563 2854 eutem
580 2799 658 2853 modo
675 2813 723 2868 per
740 2797 840 2867 σφάγια
851 2799 927 2854 lecte
943 2799 981 2853 sit
991 2798 1134 2868 niunncio,
1153 2799 1286 2868 expressis
1297 2798 1388 2854 uerbis
1405 2796 1574 2852 eusterihus

395 2898 449 2938 non
466 2882 627 2951 explicatur.
662 2883 739 2951 Quod
755 2884 787 2940 P.
806 2883 1014 2954 stengelius
1037 2884 1067 2940 in
1083 2885 1205 2939 Hermae
1228 2885 1281 2940 vol.
1299 2883 1369 2938 XXI
1388 2881 1456 2938 1886
1478 2899 1504 2951 p.
1522 2881 1575 2936 310

396 2967 511 3022 coniecit
528 2983 562 3022 ex
579 2968 685 3023 hostico
702 2969 837 3038 obsequio,
855 2985 907 3037 qno
922 2985 996 3024 erem
1015 2970 1111 3038 odiret,
1128 2969 1224 3025 future
1242 2969 1355 3040 cognite
1377 2984 1444 3035 esse,
1467 2971 1574 3037 spectet

395 3067 450 3107 non
467 3052 554 3107 solum
572 3053 607 3108 ed
625 3052 724 3123 σφάγια
741 3054 788 3108 sed
806 3054 841 3108 ed
859 3054 950 3109 omnin
967 3054 1099 3109 sacrificis
1110 3053 1203 3124 (llecr.
1220 3055 1276 3110 Set.
1288 3055 1332 3109 HI
1344 3053 1369 3120 5,
1381 3054 1418 3122 8),
1436 3059 1465 3108 et
1482 3067 1573 3107 eorum

396 3137 426 3194 in
442 3153 555 3194 numero
568 3137 689 3194 ominum
706 3139 859 3195 habendum
877 3146 927 3202 est,
945 3156 1015 3208 quoe
1028 3140 1088 3196 lieri
1105 3140 1228 3196 solebant
1244 3141 1274 3195 in
1291 3140 1372 3195 rebus
1389 3141 1482 3194 sectis
1517 3137 1574 3192 Hoc

396 3224 474 3280 modo
491 3239 548 3278 rem
566 3240 620 3280 non
632 3223 723 3280 dirimi
741 3224 948 3294 stengelius
963 3225 1022 3294 ipsc
1033 3232 1128 3294 postes
1139 3227 1271 3282 concessit
1281 3226 1311 3281 in
1322 3225 1391 3280 libro
1403 3240 1451 3280 suo
1466 3222 1574 3278 escon

396 3301 611 3363 Rullus-Alteri.
629 3327 656 3378 p.
669 3309 711 3364 44.
746 3310 806 3365 Non
818 3311 903 3365 multo
920 3311 1002 3366 eliter
1013 3327 1042 3366 se
1053 3311 1145 3378 hebet,
1163 3313 1234 3380 quod
1253 3312 1283 3366 in
1295 3311 1416 3367 eiusdem
1433 3309 1498 3364 libri
1509 3308 1574 3364 elit.

397 3393 445 3448 ult.
458 3410 483 3462 p.
496 3393 531 3448 67
544 3394 661 3462 protulit
671 3395 815 3464 praecipue
824 3395 997 3451 observetum
1010 3412 1076 3465 esse,
1089 3399 1218 3464 quomodo
1230 3397 1306 3452 iecur
1316 3396 1432 3452 fluminis
1444 3395 1574 3450 iniectum

396 3477 599 3534 combureretur
610 3479 656 3548 (ci,
666 3479 762 3534 Herm.
776 3481 829 3536 vol.
841 3481 933 3536 XXXI
943 3481 1010 3536 1896
1021 3498 1048 3551 p.
1056 3481 1108 3537 478
1115 3482 1207 3552 sequ).
1225 3483 1352 3538 Enostre
1360 3482 1498 3537 sententie
1509 3480 1575 3535 heec

396 3563 540 3619 diumsnli
551 3564 623 3620 retio
635 3564 781 3621 delinietur
793 3583 807 3621 e
819 3567 910 3622 verbis
927 3568 1045 3635 σφάζειν,
1063 3564 1203 3632 ἐντέμνων
1215 3568 1277 3623 eliis
1288 3567 1430 3623 similibus.
1465 3563 1576 3636 venitm

396 3648 469 3704 euim
493 3665 547 3704 vox
575 3649 604 3704 in
628 3651 761 3720 glossario
784 3652 962 3720 Stephani
989 3668 1022 3706 ex
1046 3653 1077 3707 Il.
1095 3653 1207 3708 111454
1231 3653 1270 3708 sio
1294 3653 1458 3722 explicetur:
1488 3651 1575 3708 cultru

397 3733 524 3804 iugulum
543 3734 658 3805 operire,
675 3742 708 3791 ut
725 3736 822 3792 effluet
838 3738 960 3808 sanguis.
996 3737 1071 3805 Ques
1088 3739 1280 3807 interpretatio
1302 3739 1404 3808 optime
1420 3739 1576 3794 illustretur

397 3818 477 3888 Soph.
501 3819 544 3874 hi.
570 3819 634 3875 299:
658 3821 720 3874 τοδι
742 3823 794 3886 μέν
818 3822 864 3892 (sc.
887 3823 1014 3892 ταύρους)
1038 3820 1166 3890 ηδχέυιζι,
1192 3822 1256 3879 tocie
1279 3821 1308 3875 δέ
1331 3824 1378 3894 (eu.
1403 3823 1493 3894 κέναι)
1516 3820 1575 3874 ἅνω

398 3907 507 3974 τρέπων
524 3905 630 3973 ἔσφαζε.
649 3905 800 3963 Scholiasta
810 3907 837 3962 h.
849 3908 868 3962 l.
881 3908 1000 3964 addidit:
1018 3904 1076 3959 αἴνιυ
1087 3909 1205 3980 τρέπων]
1218 3907 1287 3977 ὅπερ
1301 3907 1418 3981 Ὅμηρος
1435 3901 1470 3961 αδ
1487 3906 1576 3980 δρέοιυ

397 3992 462 4058 φησὶ
477 3985 546 4042 ὥστε
564 3987 649 4043 κατὰ
666 3993 726 4043 τοῦ
743 3989 868 4057 λαιμοῦ
886 3993 1014 4060 γάνυσθαι
1026 3992 1078 4060 τὴν
1089 3995 1201 4065 σφαγήν.
1236 3997 1376 4052 Accedunt
1387 3995 1494 4066 glossae
1504 3994 1576 4062 apud

399 4074 564 4143 Hesychium
583 4081 721 4132 servatae:
741 4092 911 4146 σφαγιτου
927 4079 1081 4147 πρόβατον,
1093 4077 1199 4146 δῦμαῆ
1217 4082 1253 4132 ἐν
1264 4075 1288 4145 ᾧ
1300 4079 1338 4133 τὸ
1350 4083 1418 4132 τῶν
1435 4082 1576 4150 ἱιρτέανν

398 4155 607 4223 ὑποδέχεται
633 4160 718 4228 αἷμα
745 4164 851 4218 τόπου
874 4164 917 4234 (ci.
936 4165 1047 4221 Stridens
1065 4172 1094 4222 et
1112 4167 1156 4222 Ill.
1174 4167 1266 4237 Magn.
1285 4184 1306 4222 s.
1325 4167 1361 4235 v.)
1385 4173 1428 4222 et:
1453 4161 1574 4234 ουανήδ

398 4241 467 4312 κατὰ
482 4243 535 4310 τὴν
546 4242 704 4300 κατακλεῖδα
721 4245 812 4304 τόποι.
841 4250 902 4306 Vox
914 4251 1054 4311 έντέιιυιιυ
1065 4253 1175 4321 saepius
1186 4253 1221 4308 ed
1237 4251 1338 4320 σφάγια
1354 4253 1443 4307 relate
1460 4252 1576 4306 occurrii

398 4330 492 4386 eodem
516 4348 597 4388 seusu
622 4333 759 4403 adhibits3
787 4335 850 4390 vide
877 4351 946 4403 quse
970 4335 1179 4407 Steugelius
1201 4337 1330 4406 exposuit
1352 4338 1382 4392 in
1405 4336 1576 4406 ephemeride
