3492 5092
248 353 301 440 29]
652 351 694 407 De
713 352 853 432 extispicio
871 353 963 421 capito
980 353 1036 408 tria
1366 357 1428 422 199

248 543 384 608 monem,
417 525 475 590 sed
497 522 544 589 iel
566 522 699 590 omittit.
750 523 841 607 Ergo
863 523 947 590 illud
980 524 1014 590 in
1048 525 1165 591 hostiis
1198 526 1335 593 usitatis
1364 547 1428 594 non

250 626 497 709 inspiciebatur.
534 627 641 707 Atque
663 645 705 692 ne
727 625 762 692 in
784 625 892 692 iecore
914 627 1044 708 quidem
1067 627 1123 694 illo
1147 647 1188 694 cx
1202 647 1279 694 aere
1301 629 1428 715 iacto,¹)

253 729 310 796 ubi
340 727 479 812 singulis
507 729 660 810 partibus
676 730 817 811 deorum,
840 729 958 810 quibus
980 729 1163 796 attributae
1186 735 1272 814 sunt,
1295 731 1428 798 nomina

251 831 411 914 inscripta
447 830 611 914 ridemus,
655 831 871 897 Deeckius
910 832 1056 914 Neptuni
1088 851 1203 899 nomen
1241 853 1299 915 pro
1338 840 1428 900 certo

252 934 403 1001 invenire
439 932 593 1018 potuita
645 933 736 1016 Quae
766 952 837 998 cum
875 934 925 1000 ita
964 934 1046 1016 sint,
1084 934 1294 1002 iudicandum
1334 935 1428 1002 nobis

253 1043 303 1105 est
346 1040 431 1103 hano
467 1037 556 1104 iellis
594 1035 660 1104 vim
705 1037 840 1118 eiusque
887 1037 1195 1118 interpretationem
1239 1039 1427 1106 Plinianam

254 1159 403 1224 pugnare
432 1145 546 1206 contra
575 1140 791 1205 Romanorum
821 1157 915 1204 usum
945 1144 1044 1221 atque
1074 1145 1198 1206 certam
1228 1143 1269 1208 ob
1297 1161 1429 1208 causam

252 1243 396 1310 fortasse
426 1243 461 1308 in
484 1242 637 1307 maiorem
660 1241 821 1322 principis
843 1243 996 1307 honorem
1018 1243 1230 1325 compositum
1253 1263 1325 1310 esse
1347 1245 1429 1312 illud

254 1345 467 1412 artificiosum
504 1343 726 1426 extispicium,
763 1345 850 1424 quod
882 1343 916 1408 in
949 1345 1098 1426 Augusto
1129 1351 1260 1411 tantum
1293 1347 1428 1428 eiusque

256 1467 381 1516 summa
402 1448 544 1514 victoria
572 1447 737 1512 laudatur.
781 1446 874 1530 Quae
903 1447 1093 1514 coniectura
1122 1449 1210 1514 haud
1239 1448 1356 1514 scimus
1386 1467 1429 1514 an

253 1552 402 1618 firmetur
431 1570 477 1633 eo,
507 1551 593 1632 quod
623 1551 728 1616 altero
757 1549 862 1630 loeoss)
892 1550 979 1616 idem
1001 1550 1130 1618 Plinius
1160 1557 1274 1618 contra
1303 1551 1430 1633 reliqua

254 1653 444 1720 testimonia
472 1653 588 1736 Mario,
619 1653 688 1734 qui·
704 1653 855 1734 populari
885 1672 1002 1719 causae
1033 1654 1171 1737 studuit,
1203 1653 1429 1721 tristissimum

256 1755 415 1824 attribuit
444 1760 590 1823 extorum
622 1755 761 1837 signum.
815 1755 998 1836 Utriusque
1031 1756 1146 1822 ominis
1174 1756 1430 1838 discrepantiam

253 1859 308 1925 Fr.
342 1858 578 1944 Mucnzer4)
611 1861 654 1924 ad
680 1859 861 1931 Varronem
894 1858 1041 1942 rettulit,
1071 1878 1165 1940 quem
1199 1865 1314 1926 contra
1347 1859 1429 1925 exti-

254 1960 390 2044 spicium
427 1980 593 2044 pugnasse
627 1961 784 2042 exemplis
820 1960 932 2026 allatis
966 1980 1050 2041 quae
1075 1961 1164 2027 inter
1193 1980 1229 2027 se
1259 1981 1322 2028 non
1356 1981 1429 2028 con-

253 2068 412 2147 gruerent
426 2068 532 2145 putat.
562 2063 677 2130 Nonne
692 2082 770 2131 vero
786 2063 919 2130 videtur
937 2064 1037 2128 rebus
1052 2063 1133 2144 ipsis
1145 2062 1262 2128 melius
1282 2063 1310 2129 is
1332 2064 1430 2130 satis-

252 2167 373 2248 facere,
404 2167 460 2247 qui
489 2171 601 2232 censet
630 2165 781 2248 Plinium,
812 2170 849 2231 ut
879 2170 952 2231 erat
981 2165 1181 2248 principatui
1207 2165 1358 2232 addictus
1380 2165 1429 2232 eis

252 2273 382 2335 tantum
412 2288 453 2334 ex
483 2268 629 2336 fontibus
659 2268 827 2351 hausisse,
864 2268 921 2349 qui
947 2267 1050 2350 ipsius
1085 2271 1124 2334 de
1157 2267 1327 2350 republica
1356 2287 1430 2334 cou-

253 2371 434 2438 veniebant
463 2371 674 2437 sententiae?
704 2409 746 2418 -
771 2371 845 2454 Sed,
874 2377 951 2438 utut
978 2391 1032 2438 res
1060 2391 1096 2438 se
1117 2373 1228 2452 habet,
1258 2372 1318 2437 hoo
1341 2377 1430 2437 certe

253 2479 383 2541 constat
416 2473 462 2540 fel
492 2493 573 2541 aevo
604 2477 731 2539 demum
760 2476 941 2556 posteriore
971 2475 1006 2540 in
1036 2479 1182 2540 extorum
1211 2475 1430 2556 inspectorum

253 2595 421 2642 numerum
443 2583 612 2659 receptum
635 2596 707 2643 esse
731 2580 819 2658 apud
841 2578 1010 2643 Romanos

338 2678 466 2762 Quibus
495 2680 700 2761 argumentis
733 2698 805 2746 cum
836 2681 879 2745 ad
907 2679 1037 2744 irritum
1069 2678 1233 2760 ceciderit,
1266 2683 1304 2743 ut
1336 2679 1431 2744 nobis

257 2781 388 2862 quidem
421 2781 571 2866 vidctm·‚
604 2782 771 2848 sententia
806 2785 846 2848 de
880 2780 999 2849 Graeci
1032 2785 1067 2846 et
1095 2780 1234 2847 Romani
1267 2781 1434 2863 extispicii

256 2883 421 2950 artissimo
451 2884 507 2950 illo
530 2903 688 2951 consensu
710 2889 932 2965 concentuque
953 2885 1090 2966 prolata,
1119 2903 1206 2950 nunc
1226 2886 1269 2949 ad
1292 2885 1432 2950 alteram

254 2986 438 3052 Deeckii
469 2989 662 3054 accedamus
692 2987 892 3053 sententiam
920 2987 1159 3052 exoriente
1186 2989 1431 3053 traductum

254 3108 347 3154 esse
386 3089 647 3171 extispicum
689 3089 945 3156 artificium.
1003 3089 1124 3155 Contra
1164 3094 1315 3170 pugnant
1359 3090 1431 3154 hos-

254 3192 374 3258 tiarum
404 3192 626 3274 inspectorum
657 3211 810 3274 generas
840 3192 960 3258 Graeci
992 3191 1078 3256 enim
1112 3196 1147 3256 et
1179 3189 1319 3256 Romani
1351 3195 1431 3257 exta

254 3294 417 3375 inspicere
446 3296 598 3361 solebant
620 3314 730 3361 eorum
752 3298 883 3361 tantum
908 3293 1105 3378 animalium,
1138 3312 1223 3374 quae
1245 3292 1431 3359 sacrificare

255 3395 361 3478 patrio
384 3396 452 3462 ritu
475 3402 549 3462 erat
570 3396 629 3462 las.
666 3397 750 3462 Nam
775 3396 967 3478 Pausaniae,
989 3395 1043 3462 oui
1065 3398 1127 3462 hac
1149 3396 1184 3462 in
1206 3415 1243 3461 re
1266 3414 1324 3461 cur
1345 3395 1431 3461 diffi-

256 3501 370 3565 damus
392 3518 456 3565 non
479 3501 645 3583 habemus,
678 3499 843 3581 expressis
865 3500 977 3569 verbis
999 3504 1145 3566 testatur
1166 3500 1263 3565 haec:
1300 3497 1432 3582 μαντικὴ

256 3597 329 3682 δὲὴ
355 3599 414 3682 μὲν
442 3597 566 3685 ἐρίφων
594 3601 649 3665 καὶ
682 3599 784 3686 ἀρνῶν
815 3624 849 3666 τε
881 3601 936 3665 καὶ
963 3601 1094 3683 μόσχων
1122 3598 1157 3664 ἐκ
1187 3599 1330 3664 παλαιοῦ
1356 3599 1431 3686 δήλη

345 3825 353 3856 ,
436 3824 442 3838 .

339 3824 364 3978 ἢ)
380 3825 416 3964 {¹
430 3824 551 3978 lmfpafilb.
567 3824 648 3977 Βξιια
665 3910 698 3965 de
716 3925 800 3964 causa
817 3910 905 3964 adhuc
927 3908 997 3964 satis
1015 3908 1128 3963 dubium
1146 3923 1283 3962 censemus
1301 3907 1336 3975 id,
1361 3909 1432 3974 quod

255 3995 371 4050 coniecit
387 3995 420 4050 de
431 3995 495 4050 felle
505 4011 531 4063 p.
544 3995 585 4048 84.
620 3995 691 4049 Nam
703 3995 748 4063 iel,
765 3995 866 4062 ubique
877 3994 1022 4062 inspicitur
1039 3994 1185 4048 secundum
1204 3992 1296 4061 ritum,
1314 3992 1433 4047 refertur

255 4081 290 4134 ad
307 4081 399 4136 hostes
417 4081 460 4135 vel
478 4081 629 4148 victoriam,
646 4080 675 4134 id
694 4081 765 4148 quod
782 4079 972 4136 eGraecorum
990 4078 1159 4147 opinionibus
1174 4078 1363 4146 explicandum
1381 4083 1431 4144 est,

255 4181 309 4220 non
326 4181 341 4220 e
359 4165 519 4236 cognatione
537 4181 598 4220 cum
616 4165 694 4232 aquis
711 4165 909 4234 intercedente3
927 4181 952 4218 v.
971 4180 997 4220 r.
1016 4180 1037 4218 c.
1055 4164 1128 4218 Plut.
1148 4164 1224 4218 irat.
1241 4162 1284 4216 43.

340 4250 351 4282 8

341 4253 362 4406 *ζ
381 4250 468 4390 ἓνὲν.
484 4250 706 4406 {1333th
725 4334 773 4389 der
790 4335 970 4405 Nulurpeorb.
989 4333 1035 4389 deo
1055 4334 1127 4390 Plio.
1146 4349 1172 4403 p.
1191 4333 1250 4388 246.
