<?xml version="1.0" encoding="UTF-8"?>
<!DOCTYPE html PUBLIC "-//W3C//DTD XHTML 1.0 Transitional//EN"
    "http://www.w3.org/TR/xhtml1/DTD/xhtml1-transitional.dtd">
<html xmlns="http://www.w3.org/1999/xhtml" xml:lang="en" lang="en">
 <head>
  <title>
</title>
<meta http-equiv="Content-Type" content="text/html;charset=utf-8" />
  <meta name='ocr-system' content='tesseract 3.04.00' />
  <meta name='ocr-capabilities' content='ocr_page ocr_carea ocr_par ocr_line ocrx_word'/>
</head>
<body>
  <div class='ocr_page' id='page_1' title='image "./deextispicocapi00bezogoog_0027.png"; bbox 0 0 3492 5092; ppageno 0'>
   <div class='ocr_carea' id='block_1_1' title="bbox 240 346 1420 435">
    <p class='ocr_par' dir='ltr' id='par_1_1' title="bbox 240 346 1420 435">
     <span class='ocr_line' id='line_1_1' title="bbox 240 346 1420 435; baseline 0.004 -35"><span class='ocrx_word' id='word_1_1' title='bbox 240 346 293 435; x_wconf 80' lang='lat'><strong>21]</strong></span> <span class='ocrx_word' id='word_1_2' title='bbox 637 347 679 403; x_wconf 85' lang='lat' dir='ltr'><strong>De</strong></span> <span class='ocrx_word' id='word_1_3' title='bbox 697 347 838 416; x_wconf 76' lang='lat' dir='ltr'><strong>extispicio</strong></span> <span class='ocrx_word' id='word_1_4' title='bbox 856 348 946 417; x_wconf 86' lang='lat' dir='ltr'><strong>capita</strong></span> <span class='ocrx_word' id='word_1_5' title='bbox 964 349 1019 404; x_wconf 91' lang='lat' dir='ltr'><strong>tria</strong></span> <span class='ocrx_word' id='word_1_6' title='bbox 1360 353 1420 418; x_wconf 86' lang='lat'><strong>191</strong></span> 
     </span>
    </p>
   </div>
   <div class='ocr_carea' id='block_1_2' title="bbox 240 516 1423 709">
    <p class='ocr_par' dir='ltr' id='par_1_2' title="bbox 240 516 1423 709">
     <span class='ocr_line' id='line_1_2' title="bbox 327 516 1421 606; baseline 0.002 -22"><span class='ocrx_word' id='word_1_7' title='bbox 327 518 439 585; x_wconf 73' lang='lat' dir='ltr'><strong>(lasa.</strong></span> <span class='ocrx_word' id='word_1_8' title='bbox 468 516 805 601; x_wconf 85' lang='lat' dir='ltr'><strong>DioLXXVHI7,</strong></span> <span class='ocrx_word' id='word_1_9' title='bbox 827 520 863 584; x_wconf 85' lang='lat'><strong>2:</strong></span> <span class='ocrx_word' id='word_1_10' title='bbox 893 516 938 581; x_wconf 81' lang='lat' dir='ltr'><strong>ol</strong></span> <span class='ocrx_word' id='word_1_11' title='bbox 965 521 1138 600; x_wconf 85' lang='grc' dir='ltr'><strong><em>μάντεις</em></strong></span> <span class='ocrx_word' id='word_1_12' title='bbox 1165 516 1287 585; x_wconf 78' lang='grc' dir='ltr'><strong><em>εἶπον</em></strong></span> <span class='ocrx_word' id='word_1_13' title='bbox 1316 521 1421 606; x_wconf 79' lang='grc' dir='ltr'><strong><em>αὐτῷ</em></strong></span> 
     </span>
     <span class='ocr_line' id='line_1_3' title="bbox 240 614 1423 709; baseline 0.004 -25"><span class='ocrx_word' id='word_1_14' title='bbox 240 621 297 706; x_wconf 79' lang='grc' dir='ltr'><strong>(τῷ</strong></span> <span class='ocrx_word' id='word_1_15' title='bbox 321 619 619 706; x_wconf 74' lang='grc' dir='ltr'><strong><em>Καρακάλλᾳ)τν</em></strong></span> <span class='ocrx_word' id='word_1_16' title='bbox 550 618 619 704; x_wconf 71' lang='lat' dir='ltr'><strong>aab</strong></span> <span class='ocrx_word' id='word_1_17' title='bbox 639 614 831 704; x_wconf 72' lang='grc' dir='ltr'><em>ἡμέρανέ</em></span> <span class='ocrx_word' id='word_1_18' title='bbox 838 622 976 707; x_wconf 80' lang='grc' dir='ltr'><strong><em>κείνην</em></strong></span> <span class='ocrx_word' id='word_1_19' title='bbox 999 620 1298 706; x_wconf 72' lang='grc' dir='ltr'><strong><em>φυλάσσεσθαι</em></strong></span> <span class='ocrx_word' id='word_1_20' title='bbox 1322 625 1423 709; x_wconf 69' lang='lat' dir='ltr'><strong>rovum</strong></span> 
     </span>
    </p>
   </div>
   <div class='ocr_carea' id='block_1_3' title="bbox 239 721 1422 913">
    <p class='ocr_par' dir='ltr' id='par_1_3' title="bbox 239 721 1422 913">
     <span class='ocr_line' id='line_1_4' title="bbox 239 721 1422 810; baseline 0.003 -23"><span class='ocrx_word' id='word_1_21' title='bbox 239 733 284 807; x_wconf 78' lang='grc' dir='ltr'><strong>τῷ</strong></span> <span class='ocrx_word' id='word_1_22' title='bbox 321 722 437 810; x_wconf 80' lang='grc' dir='ltr'><strong><em>ῥήματι</em></strong></span> <span class='ocrx_word' id='word_1_23' title='bbox 470 721 616 808; x_wconf 73' lang='grc' dir='ltr'><strong>ἄντικρυς</strong></span> <span class='ocrx_word' id='word_1_24' title='bbox 648 721 958 807; x_wconf 60' lang='lat' dir='ltr'><strong>approperata</strong></span> <span class='ocrx_word' id='word_1_25' title='bbox 988 723 1029 788; x_wconf 80' lang='grc' dir='ltr'><strong>αἱ</strong></span> <span class='ocrx_word' id='word_1_26' title='bbox 1063 735 1134 788; x_wconf 83' lang='grc' dir='ltr'><strong>τοῦ</strong></span> <span class='ocrx_word' id='word_1_27' title='bbox 1158 724 1316 810; x_wconf 75' lang='grc' dir='ltr'><strong><em>ἥπατος</em></strong></span> <span class='ocrx_word' id='word_1_28' title='bbox 1350 737 1422 792; x_wconf 82' lang='grc' dir='ltr'><strong>τοῦ</strong></span> 
     </span>
     <span class='ocr_line' id='line_1_5' title="bbox 241 823 827 913; baseline -0.007 -23"><span class='ocrx_word' id='word_1_29' title='bbox 241 825 401 913; x_wconf 78' lang='grc' dir='ltr'><strong><em>ἱερείου</em></strong></span> <span class='ocrx_word' id='word_1_30' title='bbox 431 824 560 889; x_wconf 80' lang='grc' dir='ltr'><strong><em>πύλαι</em></strong></span> <span class='ocrx_word' id='word_1_31' title='bbox 580 823 827 889; x_wconf 81' lang='grc' dir='ltr'><strong><em>κέκλεινται.</em></strong></span> 
     </span>
    </p>
   </div>
   <div class='ocr_carea' id='block_1_4' title="bbox 240 962 1420 1252">
    <p class='ocr_par' dir='ltr' id='par_1_4' title="bbox 240 962 1420 1252">
     <span class='ocr_line' id='line_1_6' title="bbox 326 962 1420 1048; baseline 0.002 -19"><span class='ocrx_word' id='word_1_32' title='bbox 326 962 554 1029; x_wconf 91' lang='lat' dir='ltr'><strong>Herodian.</strong></span> <span class='ocrx_word' id='word_1_33' title='bbox 569 962 654 1028; x_wconf 86' lang='lat' dir='ltr'>VIII</span> <span class='ocrx_word' id='word_1_34' title='bbox 667 963 727 1044; x_wconf 81' lang='lat'><strong>3,7</strong></span> <span class='ocrx_word' id='word_1_35' title='bbox 744 963 957 1028; x_wconf 85' lang='lat' dir='ltr'>Maximinum</span> <span class='ocrx_word' id='word_1_36' title='bbox 971 963 1090 1030; x_wconf 90' lang='lat' dir='ltr'><strong>bellum</strong></span> <span class='ocrx_word' id='word_1_37' title='bbox 1102 965 1283 1048; x_wconf 80' lang='lat' dir='ltr'><strong>suscepisse</strong></span> <span class='ocrx_word' id='word_1_38' title='bbox 1293 969 1420 1032; x_wconf 91' lang='lat' dir='ltr'><strong>narrat:</strong></span> 
     </span>
     <span class='ocr_line' id='line_1_7' title="bbox 242 1062 1420 1153; baseline 0.003 -25"><span class='ocrx_word' id='word_1_39' title='bbox 242 1064 371 1130; x_wconf 82' lang='grc' dir='ltr'><strong><em>πολλῶν</em></strong></span> <span class='ocrx_word' id='word_1_40' title='bbox 393 1112 448 1131; x_wconf 88' lang='grc'><strong>...</strong></span> <span class='ocrx_word' id='word_1_41' title='bbox 471 1062 569 1128; x_wconf 77' lang='grc' dir='ltr'><strong><em>ὄντων</em></strong></span> <span class='ocrx_word' id='word_1_42' title='bbox 590 1063 668 1151; x_wconf 79' lang='grc' dir='ltr'><strong><em>περὶ</em></strong></span> <span class='ocrx_word' id='word_1_43' title='bbox 686 1064 820 1149; x_wconf 72' lang='grc' dir='ltr'><strong><em>θυτικήν</em></strong></span> <span class='ocrx_word' id='word_1_44' title='bbox 847 1087 882 1128; x_wconf 81' lang='grc' dir='ltr'><strong>τε</strong></span> <span class='ocrx_word' id='word_1_45' title='bbox 909 1064 963 1128; x_wconf 82' lang='grc' dir='ltr'><strong>καὶ</strong></span> <span class='ocrx_word' id='word_1_46' title='bbox 984 1062 1228 1147; x_wconf 68' lang='grc' dir='ltr'><strong><em>ἡπατοοκοπλαν</em></strong></span> <span class='ocrx_word' id='word_1_47' title='bbox 1250 1062 1420 1153; x_wconf 71' lang='grc' dir='ltr'><strong><em>ἐμπείρων,</em></strong></span> 
     </span>
     <span class='ocr_line' id='line_1_8' title="bbox 240 1163 911 1252; baseline -0.004 -21"><span class='ocrx_word' id='word_1_48' title='bbox 240 1170 288 1231; x_wconf 78' lang='grc' dir='ltr'><strong>τά</strong></span> <span class='ocrx_word' id='word_1_49' title='bbox 315 1189 357 1231; x_wconf 78' lang='grc' dir='ltr'><strong>τε</strong></span> <span class='ocrx_word' id='word_1_50' title='bbox 379 1166 471 1252; x_wconf 81' lang='grc' dir='ltr'><strong><em>ἱερὰ</em></strong></span> <span class='ocrx_word' id='word_1_51' title='bbox 493 1163 610 1230; x_wconf 67' lang='lat' dir='ltr'><strong>atara</strong></span> <span class='ocrx_word' id='word_1_52' title='bbox 639 1164 911 1250; x_wconf 77' lang='grc' dir='ltr'><strong><em>ἀπαγγελλόντων.</em></strong></span> 
     </span>
    </p>
   </div>
   <div class='ocr_carea' id='block_1_5' title="bbox 241 1303 1421 1489">
    <p class='ocr_par' dir='ltr' id='par_1_5' title="bbox 241 1303 1421 1489">
     <span class='ocr_line' id='line_1_9' title="bbox 327 1303 1421 1388; baseline 0.003 -18"><span class='ocrx_word' id='word_1_53' title='bbox 327 1304 487 1370; x_wconf 81' lang='lat' dir='ltr'><strong>Fronto</strong></span> <span class='ocrx_word' id='word_1_54' title='bbox 517 1323 547 1386; x_wconf 90' lang='lat' dir='ltr'><strong>p.</strong></span> <span class='ocrx_word' id='word_1_55' title='bbox 564 1305 626 1370; x_wconf 80' lang='grc'><strong>137</strong></span> <span class='ocrx_word' id='word_1_56' title='bbox 641 1304 693 1368; x_wconf 82' lang='grc' dir='ltr'><strong>Ν.;</strong></span> <span class='ocrx_word' id='word_1_57' title='bbox 731 1303 825 1369; x_wconf 87' lang='lat' dir='ltr'><strong>Sicut</strong></span> <span class='ocrx_word' id='word_1_58' title='bbox 853 1303 896 1369; x_wconf 91' lang='lat' dir='ltr'><strong>in</strong></span> <span class='ocrx_word' id='word_1_59' title='bbox 927 1303 1040 1370; x_wconf 83' lang='lat' dir='ltr'><strong>extis</strong></span> <span class='ocrx_word' id='word_1_60' title='bbox 1070 1303 1196 1371; x_wconf 83' lang='lat' dir='ltr'><strong>diffissa</strong></span> <span class='ocrx_word' id='word_1_61' title='bbox 1230 1307 1421 1388; x_wconf 88' lang='lat' dir='ltr'><strong>plerumque</strong></span> 
     </span>
     <span class='ocr_line' id='line_1_10' title="bbox 241 1404 1306 1489; baseline -0.001 -15"><span class='ocrx_word' id='word_1_62' title='bbox 241 1407 377 1474; x_wconf 75' lang='lat' dir='ltr'><strong>minim</strong></span> <span class='ocrx_word' id='word_1_63' title='bbox 399 1412 433 1474; x_wconf 88' lang='lat' dir='ltr'><strong>et</strong></span> <span class='ocrx_word' id='word_1_64' title='bbox 455 1406 650 1472; x_wconf 89' lang='lat' dir='ltr'><strong>tenuissima</strong></span> <span class='ocrx_word' id='word_1_65' title='bbox 671 1405 829 1472; x_wconf 87' lang='lat' dir='ltr'><strong>maximas</strong></span> <span class='ocrx_word' id='word_1_66' title='bbox 851 1404 1039 1488; x_wconf 86' lang='lat' dir='ltr'><strong>significant</strong></span> <span class='ocrx_word' id='word_1_67' title='bbox 1060 1406 1306 1489; x_wconf 88' lang='lat' dir='ltr'><strong>prosperitates.</strong></span> 
     </span>
    </p>
   </div>
   <div class='ocr_carea' id='block_1_6' title="bbox 241 1515 1421 2021">
    <p class='ocr_par' dir='ltr' id='par_1_6' title="bbox 241 1515 1421 2021">
     <span class='ocr_line' id='line_1_11' title="bbox 327 1515 1421 1625; baseline 0 -16"><span class='ocrx_word' id='word_1_68' title='bbox 327 1543 445 1609; x_wconf 83' lang='lat' dir='ltr'><strong>Amm.</strong></span> <span class='ocrx_word' id='word_1_69' title='bbox 475 1544 598 1608; x_wconf 87' lang='lat' dir='ltr'><strong>Marc.</strong></span> <span class='ocrx_word' id='word_1_70' title='bbox 620 1542 767 1625; x_wconf 81' lang='lat' dir='ltr'>XXIII,</span> <span class='ocrx_word' id='word_1_71' title='bbox 791 1545 825 1608; x_wconf 91' lang='lat'><strong>1:</strong></span> <span class='ocrx_word' id='word_1_72' title='bbox 856 1515 1055 1609; x_wconf 65' lang='lat' dir='ltr'><strong>I&#39;nlianus</strong></span> <span class='ocrx_word' id='word_1_73' title='bbox 1077 1592 1084 1608; x_wconf 87' lang='lat'><strong>.</strong></span> <span class='ocrx_word' id='word_1_74' title='bbox 1107 1595 1143 1609; x_wconf 92' lang='lat'><strong>..</strong></span> <span class='ocrx_word' id='word_1_75' title='bbox 1174 1548 1274 1609; x_wconf 85' lang='lat' dir='ltr'><strong>exta</strong></span> <span class='ocrx_word' id='word_1_76' title='bbox 1295 1543 1421 1609; x_wconf 89' lang='lat' dir='ltr'><strong>rima·</strong></span> 
     </span>
     <span class='ocr_line' id='line_1_12' title="bbox 241 1645 1421 1728; baseline -0.002 -16"><span class='ocrx_word' id='word_1_77' title='bbox 241 1648 369 1713; x_wconf 85' lang='lat' dir='ltr'><strong>batur</strong></span> <span class='ocrx_word' id='word_1_78' title='bbox 402 1645 583 1712; x_wconf 86' lang='lat' dir='ltr'><strong>adsidue</strong></span> <span class='ocrx_word' id='word_1_79' title='bbox 620 1696 627 1710; x_wconf 94' lang='lat'><strong>.</strong></span> <span class='ocrx_word' id='word_1_80' title='bbox 657 1697 664 1710; x_wconf 93' lang='lat'><strong>.</strong></span> <span class='ocrx_word' id='word_1_81' title='bbox 697 1697 704 1710; x_wconf 93' lang='lat'><strong>.</strong></span> <span class='ocrx_word' id='word_1_82' title='bbox 751 1645 846 1725; x_wconf 90' lang='lat' dir='ltr'><strong>eique</strong></span> <span class='ocrx_word' id='word_1_83' title='bbox 879 1647 1012 1711; x_wconf 89' lang='lat' dir='ltr'><strong>tandem</strong></span> <span class='ocrx_word' id='word_1_84' title='bbox 1046 1645 1257 1728; x_wconf 78' lang='lat' dir='ltr'><strong>aruspicinae</strong></span> <span class='ocrx_word' id='word_1_85' title='bbox 1293 1645 1421 1728; x_wconf 90' lang='lat' dir='ltr'><strong>peritus</strong></span> 
     </span>
     <span class='ocr_line' id='line_1_13' title="bbox 242 1747 1420 1832; baseline 0 -18"><span class='ocrx_word' id='word_1_86' title='bbox 242 1749 451 1832; x_wconf 81' lang='lat' dir='ltr'><strong>Aprunculus</strong></span> <span class='ocrx_word' id='word_1_87' title='bbox 474 1748 589 1815; x_wconf 83' lang='lat' dir='ltr'><strong>Gallus</strong></span> <span class='ocrx_word' id='word_1_88' title='bbox 610 1747 836 1815; x_wconf 86' lang='lat' dir='ltr'><strong>...nuntiavit</strong></span> <span class='ocrx_word' id='word_1_89' title='bbox 862 1754 1002 1814; x_wconf 88' lang='lat' dir='ltr'><strong>eventus</strong></span> <span class='ocrx_word' id='word_1_90' title='bbox 1022 1747 1223 1829; x_wconf 90' lang='lat' dir='ltr'><strong>inspectu</strong></span> <span class='ocrx_word' id='word_1_91' title='bbox 1245 1748 1420 1830; x_wconf 88' lang='lat' dir='ltr'><strong>iecoris,</strong></span> 
     </span>
     <span class='ocr_line' id='line_1_14' title="bbox 242 1849 1421 1934; baseline -0.002 -16"><span class='ocrx_word' id='word_1_92' title='bbox 242 1856 280 1918; x_wconf 94' lang='lat' dir='ltr'><strong>ut</strong></span> <span class='ocrx_word' id='word_1_93' title='bbox 302 1851 417 1918; x_wconf 89' lang='lat' dir='ltr'><strong>aiebat</strong></span> <span class='ocrx_word' id='word_1_94' title='bbox 436 1850 515 1934; x_wconf 89' lang='lat' dir='ltr'><strong>ipsc,</strong></span> <span class='ocrx_word' id='word_1_95' title='bbox 545 1851 806 1932; x_wconf 82' lang='lat' dir='ltr'><strong>praedoctus</strong></span> <span class='ocrx_word' id='word_1_96' title='bbox 835 1851 943 1930; x_wconf 89' lang='lat' dir='ltr'><strong>quod</strong></span> <span class='ocrx_word' id='word_1_97' title='bbox 965 1850 1230 1932; x_wconf 91' lang='lat' dir='ltr'><strong>operimento</strong></span> <span class='ocrx_word' id='word_1_98' title='bbox 1254 1849 1421 1932; x_wconf 90' lang='lat' dir='ltr'><strong>duplici</strong></span> 
     </span>
     <span class='ocr_line' id='line_1_15' title="bbox 243 1953 612 2021; baseline -0.011 -1"><span class='ocrx_word' id='word_1_99' title='bbox 243 1953 421 2021; x_wconf 85' lang='lat' dir='ltr'><strong>viderat</strong></span> <span class='ocrx_word' id='word_1_100' title='bbox 442 1957 612 2019; x_wconf 86' lang='lat' dir='ltr'><strong>tectum.</strong></span> 
     </span>
    </p>
   </div>
   <div class='ocr_carea' id='block_1_7' title="bbox 241 2088 1421 2788">
    <p class='ocr_par' dir='ltr' id='par_1_7' title="bbox 241 2088 1421 2788">
     <span class='ocr_line' id='line_1_16' title="bbox 327 2088 1420 2172; baseline -0.002 -16"><span class='ocrx_word' id='word_1_101' title='bbox 327 2091 485 2156; x_wconf 81' lang='lat' dir='ltr'><strong>Festus</strong></span> <span class='ocrx_word' id='word_1_102' title='bbox 514 2109 543 2172; x_wconf 91' lang='lat' dir='ltr'><strong>p.</strong></span> <span class='ocrx_word' id='word_1_103' title='bbox 575 2089 636 2155; x_wconf 81' lang='lat'><strong>157</strong></span> <span class='ocrx_word' id='word_1_104' title='bbox 659 2090 720 2154; x_wconf 88' lang='lat' dir='ltr'><strong>M.:</strong></span> <span class='ocrx_word' id='word_1_105' title='bbox 743 2090 860 2154; x_wconf 88' lang='lat' dir='ltr'><strong>Muta</strong></span> <span class='ocrx_word' id='word_1_106' title='bbox 886 2093 987 2154; x_wconf 82' lang='lat' dir='ltr'><strong>exta</strong></span> <span class='ocrx_word' id='word_1_107' title='bbox 1017 2088 1236 2170; x_wconf 87' lang='lat' dir='ltr'><strong>dicuntur,</strong></span> <span class='ocrx_word' id='word_1_108' title='bbox 1266 2088 1420 2170; x_wconf 86' lang='lat' dir='ltr'><strong>quibus</strong></span> 
     </span>
     <span class='ocr_line' id='line_1_17' title="bbox 242 2189 1420 2273; baseline -0.003 -14"><span class='ocrx_word' id='word_1_109' title='bbox 242 2193 304 2260; x_wconf 93' lang='lat' dir='ltr'><strong>nil</strong></span> <span class='ocrx_word' id='word_1_110' title='bbox 327 2192 618 2261; x_wconf 84' lang='lat' dir='ltr'><strong>divinationis</strong></span> <span class='ocrx_word' id='word_1_111' title='bbox 641 2189 1270 2273; x_wconf 88' lang='lat' dir='ltr'><strong>autdeornmresponsiincsse</strong></span> <span class='ocrx_word' id='word_1_112' title='bbox 1292 2190 1420 2257; x_wconf 91' lang='lat' dir='ltr'><strong>anim-</strong></span> 
     </span>
     <span class='ocr_line' id='line_1_18' title="bbox 242 2292 1421 2377; baseline -0.004 -15"><span class='ocrx_word' id='word_1_113' title='bbox 242 2298 492 2377; x_wconf 82' lang='lat' dir='ltr'><strong>advertunt,</strong></span> <span class='ocrx_word' id='word_1_114' title='bbox 522 2300 638 2360; x_wconf 85' lang='lat' dir='ltr'><strong>contra</strong></span> <span class='ocrx_word' id='word_1_115' title='bbox 660 2293 903 2375; x_wconf 89' lang='lat' dir='ltr'><strong>adiutoria,</strong></span> <span class='ocrx_word' id='word_1_116' title='bbox 926 2313 1032 2376; x_wconf 88' lang='lat' dir='ltr'><strong>quae</strong></span> <span class='ocrx_word' id='word_1_117' title='bbox 1058 2298 1221 2360; x_wconf 86' lang='lat' dir='ltr'><strong>certum</strong></span> <span class='ocrx_word' id='word_1_118' title='bbox 1250 2292 1421 2375; x_wconf 90' lang='lat' dir='ltr'><strong>aliquid</strong></span> 
     </span>
     <span class='ocr_line' id='line_1_19' title="bbox 242 2397 1420 2482; baseline -0.002 -18"><span class='ocrx_word' id='word_1_119' title='bbox 242 2402 496 2467; x_wconf 86' lang='lat' dir='ltr'><strong>eventurum</strong></span> <span class='ocrx_word' id='word_1_120' title='bbox 515 2397 716 2463; x_wconf 91' lang='lat' dir='ltr'><strong>indicant</strong></span> <span class='ocrx_word' id='word_1_121' title='bbox 735 2401 808 2462; x_wconf 88' lang='lat' dir='ltr'><strong>aut</strong></span> <span class='ocrx_word' id='word_1_122' title='bbox 823 2399 872 2464; x_wconf 90' lang='lat' dir='ltr'><strong>ab</strong></span> <span class='ocrx_word' id='word_1_123' title='bbox 889 2397 1105 2482; x_wconf 86' lang='lat' dir='ltr'><strong>incendio,</strong></span> <span class='ocrx_word' id='word_1_124' title='bbox 1120 2402 1166 2463; x_wconf 91' lang='lat' dir='ltr'><strong>ut</strong></span> <span class='ocrx_word' id='word_1_125' title='bbox 1181 2415 1420 2479; x_wconf 84' lang='lat' dir='ltr'><strong>caveamus,</strong></span> 
     </span>
     <span class='ocr_line' id='line_1_20' title="bbox 243 2497 1420 2581; baseline -0.002 -15"><span class='ocrx_word' id='word_1_126' title='bbox 243 2505 316 2567; x_wconf 89' lang='lat' dir='ltr'><strong>aut</strong></span> <span class='ocrx_word' id='word_1_127' title='bbox 347 2520 368 2567; x_wconf 92' lang='lat' dir='ltr'><strong>a</strong></span> <span class='ocrx_word' id='word_1_128' title='bbox 401 2518 563 2567; x_wconf 87' lang='lat' dir='ltr'><strong>veneno</strong></span> <span class='ocrx_word' id='word_1_129' title='bbox 599 2499 770 2580; x_wconf 89' lang='lat' dir='ltr'><strong>talique</strong></span> <span class='ocrx_word' id='word_1_130' title='bbox 806 2519 850 2566; x_wconf 90' lang='lat' dir='ltr'><strong>re</strong></span> <span class='ocrx_word' id='word_1_131' title='bbox 888 2505 1048 2566; x_wconf 86' lang='lat' dir='ltr'><strong>certum</strong></span> <span class='ocrx_word' id='word_1_132' title='bbox 1081 2500 1255 2581; x_wconf 85' lang='lat' dir='ltr'><strong>aliquod</strong></span> <span class='ocrx_word' id='word_1_133' title='bbox 1291 2497 1420 2565; x_wconf 89' lang='lat' dir='ltr'><strong>mani-</strong></span> 
     </span>
     <span class='ocr_line' id='line_1_21' title="bbox 241 2601 1420 2686; baseline -0.003 -16"><span class='ocrx_word' id='word_1_134' title='bbox 241 2603 483 2685; x_wconf 81' lang='lat' dir='ltr'><strong>fastumque</strong></span> <span class='ocrx_word' id='word_1_135' title='bbox 511 2603 680 2668; x_wconf 87' lang='lat' dir='ltr'><strong>instare</strong></span> <span class='ocrx_word' id='word_1_136' title='bbox 702 2601 955 2686; x_wconf 90' lang='lat' dir='ltr'><strong>pericnlum,</strong></span> <span class='ocrx_word' id='word_1_137' title='bbox 984 2602 1098 2686; x_wconf 89' lang='lat' dir='ltr'><strong>item,</strong></span> <span class='ocrx_word' id='word_1_138' title='bbox 1120 2621 1226 2683; x_wconf 87' lang='lat' dir='ltr'><strong>quae</strong></span> <span class='ocrx_word' id='word_1_139' title='bbox 1256 2602 1319 2668; x_wconf 90' lang='lat' dir='ltr'><strong>rei</strong></span> <span class='ocrx_word' id='word_1_140' title='bbox 1348 2619 1420 2683; x_wconf 91' lang='lat' dir='ltr'><strong>pn-</strong></span> 
     </span>
     <span class='ocr_line' id='line_1_22' title="bbox 241 2703 1210 2788; baseline -0.002 -16"><span class='ocrx_word' id='word_1_141' title='bbox 241 2706 385 2774; x_wconf 90' lang='lat' dir='ltr'><strong>blicae</strong></span> <span class='ocrx_word' id='word_1_142' title='bbox 407 2707 674 2788; x_wconf 88' lang='lat' dir='ltr'><strong>portendunt</strong></span> <span class='ocrx_word' id='word_1_143' title='bbox 693 2703 846 2770; x_wconf 83' lang='lat' dir='ltr'><strong>linium</strong></span> <span class='ocrx_word' id='word_1_144' title='bbox 869 2705 1210 2771; x_wconf 87' lang='lat' dir='ltr'><strong>deminutionem.</strong></span> 
     </span>
    </p>
   </div>
   <div class='ocr_carea' id='block_1_8' title="bbox 241 2841 1422 3218">
    <p class='ocr_par' dir='ltr' id='par_1_8' title="bbox 241 2841 1422 3218">
     <span class='ocr_line' id='line_1_23' title="bbox 327 2841 1421 2925; baseline -0.003 -15"><span class='ocrx_word' id='word_1_145' title='bbox 327 2844 487 2910; x_wconf 89' lang='lat' dir='ltr'><strong>Festus</strong></span> <span class='ocrx_word' id='word_1_146' title='bbox 520 2863 552 2924; x_wconf 73' lang='lat' dir='ltr'><strong>p·</strong></span> <span class='ocrx_word' id='word_1_147' title='bbox 583 2843 646 2908; x_wconf 82' lang='lat'><strong>289</strong></span> <span class='ocrx_word' id='word_1_148' title='bbox 677 2843 735 2907; x_wconf 88' lang='lat' dir='ltr'><strong>M.:</strong></span> <span class='ocrx_word' id='word_1_149' title='bbox 772 2841 956 2925; x_wconf 79' lang='lat' dir='ltr'><strong>Regalia</strong></span> <span class='ocrx_word' id='word_1_150' title='bbox 985 2846 1085 2908; x_wconf 85' lang='lat' dir='ltr'><strong>exta</strong></span> <span class='ocrx_word' id='word_1_151' title='bbox 1122 2842 1421 2924; x_wconf 88' lang='lat' dir='ltr'><strong>appellantur,</strong></span> 
     </span>
     <span class='ocr_line' id='line_1_24' title="bbox 242 2944 1422 3027; baseline -0.002 -15"><span class='ocrx_word' id='word_1_152' title='bbox 242 2964 349 3027; x_wconf 89' lang='lat' dir='ltr'><strong>quae</strong></span> <span class='ocrx_word' id='word_1_153' title='bbox 372 2944 1422 3027; x_wconf 84' lang='lat' dir='ltr'><strong>potentibnsinsperatumhonorcmpollioentur3</strong></span> 
     </span>
     <span class='ocr_line' id='line_1_25' title="bbox 242 3045 1420 3131; baseline -0.003 -17"><span class='ocrx_word' id='word_1_154' title='bbox 242 3046 434 3131; x_wconf 86' lang='lat' dir='ltr'><strong>privatis</strong></span> <span class='ocrx_word' id='word_1_155' title='bbox 456 3051 499 3113; x_wconf 92' lang='lat' dir='ltr'><strong>et</strong></span> <span class='ocrx_word' id='word_1_156' title='bbox 521 3046 828 3113; x_wconf 89' lang='lat' dir='ltr'><strong>humilioribus</strong></span> <span class='ocrx_word' id='word_1_157' title='bbox 857 3046 1149 3128; x_wconf 89' lang='lat' dir='ltr'><strong>hereditates;</strong></span> <span class='ocrx_word' id='word_1_158' title='bbox 1179 3045 1275 3112; x_wconf 85' lang='lat' dir='ltr'><strong>filio</strong></span> <span class='ocrx_word' id='word_1_159' title='bbox 1297 3045 1420 3112; x_wconf 84' lang='lat' dir='ltr'><strong>fami-</strong></span> 
     </span>
     <span class='ocr_line' id='line_1_26' title="bbox 241 3149 691 3218; baseline -0.004 -2"><span class='ocrx_word' id='word_1_160' title='bbox 241 3151 329 3218; x_wconf 86' lang='lat' dir='ltr'><strong>liae</strong></span> <span class='ocrx_word' id='word_1_161' title='bbox 352 3149 691 3217; x_wconf 88' lang='lat' dir='ltr'><strong>dominationem.</strong></span> 
     </span>
    </p>
   </div>
   <div class='ocr_carea' id='block_1_9' title="bbox 242 3285 1423 3470">
    <p class='ocr_par' dir='ltr' id='par_1_9' title="bbox 242 3285 1423 3470">
     <span class='ocr_line' id='line_1_27' title="bbox 328 3285 1421 3369; baseline -0.004 -16"><span class='ocrx_word' id='word_1_162' title='bbox 328 3287 609 3369; x_wconf 81' lang='lat' dir='ltr'><strong>Festusp.245</strong></span> <span class='ocrx_word' id='word_1_163' title='bbox 628 3286 687 3353; x_wconf 89' lang='lat' dir='ltr'><strong>M.:</strong></span> <span class='ocrx_word' id='word_1_164' title='bbox 710 3285 933 3352; x_wconf 85' lang='lat' dir='ltr'><strong>Pestifera</strong></span> <span class='ocrx_word' id='word_1_165' title='bbox 963 3285 1162 3367; x_wconf 90' lang='lat' dir='ltr'><strong>auspicia</strong></span> <span class='ocrx_word' id='word_1_166' title='bbox 1192 3289 1310 3368; x_wconf 89' lang='lat' dir='ltr'><strong>sunt,</strong></span> <span class='ocrx_word' id='word_1_167' title='bbox 1337 3301 1421 3350; x_wconf 90' lang='lat' dir='ltr'><strong>curn</strong></span> 
     </span>
     <span class='ocr_line' id='line_1_28' title="bbox 242 3386 1423 3470; baseline -0.005 -13"><span class='ocrx_word' id='word_1_168' title='bbox 242 3389 375 3458; x_wconf 89' lang='lat' dir='ltr'><strong>corin</strong></span> <span class='ocrx_word' id='word_1_169' title='bbox 398 3388 514 3455; x_wconf 86' lang='lat' dir='ltr'><strong>extis</strong></span> <span class='ocrx_word' id='word_1_170' title='bbox 536 3408 614 3455; x_wconf 91' lang='lat' dir='ltr'><strong>non</strong></span> <span class='ocrx_word' id='word_1_171' title='bbox 637 3387 866 3456; x_wconf 91' lang='lat' dir='ltr'><strong>invenitur</strong></span> <span class='ocrx_word' id='word_1_172' title='bbox 896 3392 970 3455; x_wconf 90' lang='lat' dir='ltr'><strong>aut</strong></span> <span class='ocrx_word' id='word_1_173' title='bbox 993 3392 1119 3470; x_wconf 89' lang='lat' dir='ltr'><strong>caput</strong></span> <span class='ocrx_word' id='word_1_174' title='bbox 1147 3387 1191 3454; x_wconf 91' lang='lat' dir='ltr'><strong>in</strong></span> <span class='ocrx_word' id='word_1_175' title='bbox 1220 3386 1423 3454; x_wconf 90' lang='lat' dir='ltr'><strong>iocinere.</strong></span> 
     </span>
    </p>
   </div>
   <div class='ocr_carea' id='block_1_10' title="bbox 244 3525 1422 3713">
    <p class='ocr_par' dir='ltr' id='par_1_10' title="bbox 244 3525 1422 3713">
     <span class='ocr_line' id='line_1_29' title="bbox 328 3525 1422 3608; baseline -0.003 -16"><span class='ocrx_word' id='word_1_176' title='bbox 328 3527 489 3592; x_wconf 89' lang='lat' dir='ltr'><strong>Paulus</strong></span> <span class='ocrx_word' id='word_1_177' title='bbox 510 3526 635 3592; x_wconf 87' lang='lat' dir='ltr'><strong>Festi</strong></span> <span class='ocrx_word' id='word_1_178' title='bbox 657 3545 687 3607; x_wconf 91' lang='lat' dir='ltr'><strong>p.</strong></span> <span class='ocrx_word' id='word_1_179' title='bbox 714 3525 776 3591; x_wconf 93' lang='lat'><strong>100</strong></span> <span class='ocrx_word' id='word_1_180' title='bbox 792 3525 850 3591; x_wconf 89' lang='lat' dir='ltr'><strong>M.:</strong></span> <span class='ocrx_word' id='word_1_181' title='bbox 880 3525 1077 3608; x_wconf 81' lang='lat' dir='ltr'><strong>Hariuga</strong></span> <span class='ocrx_word' id='word_1_182' title='bbox 1100 3526 1330 3592; x_wconf 86' lang='lat' dir='ltr'><strong>dicebatur</strong></span> <span class='ocrx_word' id='word_1_183' title='bbox 1352 3525 1422 3590; x_wconf 91' lang='lat' dir='ltr'><strong>ho-</strong></span> 
     </span>
     <span class='ocr_line' id='line_1_30' title="bbox 244 3627 1315 3713; baseline -0.003 -17"><span class='ocrx_word' id='word_1_184' title='bbox 244 3629 352 3713; x_wconf 88' lang='lat' dir='ltr'><strong>stia,</strong></span> <span class='ocrx_word' id='word_1_185' title='bbox 375 3629 496 3695; x_wconf 87' lang='lat' dir='ltr'><strong>cuius</strong></span> <span class='ocrx_word' id='word_1_186' title='bbox 519 3627 807 3694; x_wconf 89' lang='lat' dir='ltr'><strong>adhaerentia</strong></span> <span class='ocrx_word' id='word_1_187' title='bbox 829 3627 1186 3710; x_wconf 90' lang='lat' dir='ltr'><strong>inspiciebantur</strong></span> <span class='ocrx_word' id='word_1_188' title='bbox 1208 3633 1315 3694; x_wconf 89' lang='lat' dir='ltr'><strong>exta.</strong></span> 
     </span>
    </p>
   </div>
   <div class='ocr_carea' id='block_1_11' title="bbox 329 3764 1379 4139">
    <p class='ocr_par' dir='ltr' id='par_1_11' title="bbox 329 3764 1379 4139">
     <span class='ocr_line' id='line_1_31' title="bbox 329 3764 966 3848; baseline 0 -16"><span class='ocrx_word' id='word_1_189' title='bbox 329 3764 548 3832; x_wconf 84' lang='lat' dir='ltr'><strong>Claudiam</strong></span> <span class='ocrx_word' id='word_1_190' title='bbox 571 3765 606 3831; x_wconf 92' lang='lat' dir='ltr'><strong>in</strong></span> <span class='ocrx_word' id='word_1_191' title='bbox 628 3764 703 3831; x_wconf 86' lang='lat' dir='ltr'><strong>Ruf.</strong></span> <span class='ocrx_word' id='word_1_192' title='bbox 725 3765 761 3830; x_wconf 89' lang='lat' dir='ltr'><strong>H</strong></span> <span class='ocrx_word' id='word_1_193' title='bbox 783 3767 846 3831; x_wconf 83' lang='lat'><strong>412</strong></span> <span class='ocrx_word' id='word_1_194' title='bbox 862 3785 966 3848; x_wconf 70' lang='lat' dir='ltr'><strong>sequ:</strong></span> 
     </span>
     <span class='ocr_line' id='line_1_32' title="bbox 396 3866 1379 3952; baseline 0 -19"><span class='ocrx_word' id='word_1_195' title='bbox 396 3867 462 3934; x_wconf 91' lang='lat' dir='ltr'><strong>Hic</strong></span> <span class='ocrx_word' id='word_1_196' title='bbox 485 3866 623 3950; x_wconf 88' lang='lat' dir='ltr'><strong>iecur,</strong></span> <span class='ocrx_word' id='word_1_197' title='bbox 645 3866 699 3933; x_wconf 90' lang='lat' dir='ltr'><strong>hic</strong></span> <span class='ocrx_word' id='word_1_198' title='bbox 721 3868 828 3934; x_wconf 90' lang='lat' dir='ltr'><strong>cordis</strong></span> <span class='ocrx_word' id='word_1_199' title='bbox 851 3869 1009 3952; x_wconf 85' lang='lat' dir='ltr'><strong>fibras,</strong></span> <span class='ocrx_word' id='word_1_200' title='bbox 1032 3869 1086 3934; x_wconf 91' lang='lat' dir='ltr'><strong>hio</strong></span> <span class='ocrx_word' id='word_1_201' title='bbox 1108 3867 1227 3950; x_wconf 89' lang='lat' dir='ltr'><strong>pandit</strong></span> <span class='ocrx_word' id='word_1_202' title='bbox 1241 3868 1379 3936; x_wconf 87' lang='lat' dir='ltr'><strong>anhelas</strong></span> 
     </span>
     <span class='ocr_line' id='line_1_33' title="bbox 396 3969 1328 4054; baseline 0.002 -18"><span class='ocrx_word' id='word_1_203' title='bbox 396 3970 609 4053; x_wconf 91' lang='lat' dir='ltr'><strong>pulmonis</strong></span> <span class='ocrx_word' id='word_1_204' title='bbox 631 3971 839 4037; x_wconf 87' lang='lat' dir='ltr'><strong>latebras.</strong></span> <span class='ocrx_word' id='word_1_205' title='bbox 861 3969 1006 4054; x_wconf 91' lang='lat' dir='ltr'><strong>spatium</strong></span> <span class='ocrx_word' id='word_1_206' title='bbox 1028 3990 1092 4038; x_wconf 92' lang='lat' dir='ltr'><strong>non</strong></span> <span class='ocrx_word' id='word_1_207' title='bbox 1114 3969 1244 4039; x_wconf 87' lang='lat' dir='ltr'><strong>invenit</strong></span> <span class='ocrx_word' id='word_1_208' title='bbox 1266 3970 1328 4038; x_wconf 88' lang='lat' dir='ltr'><strong>ira.</strong></span> 
     </span>
     <span class='ocr_line' id='line_1_34' title="bbox 395 4072 765 4139; baseline -0.003 0"><span class='ocrx_word' id='word_1_209' title='bbox 395 4074 464 4139; x_wconf 89' lang='lat' dir='ltr'><strong>Nec</strong></span> <span class='ocrx_word' id='word_1_210' title='bbox 485 4073 576 4139; x_wconf 91' lang='lat' dir='ltr'><strong>locus</strong></span> <span class='ocrx_word' id='word_1_211' title='bbox 598 4077 650 4138; x_wconf 90' lang='lat' dir='ltr'><strong>est</strong></span> <span class='ocrx_word' id='word_1_212' title='bbox 672 4072 765 4139; x_wconf 89' lang='lat' dir='ltr'><strong>odiis.</strong></span> 
     </span>
    </p>
   </div>
   <div class='ocr_carea' id='block_1_12' title="bbox 242 4209 1421 4395">
    <p class='ocr_par' dir='ltr' id='par_1_12' title="bbox 242 4209 1421 4395">
     <span class='ocr_line' id='line_1_35' title="bbox 328 4209 1421 4293; baseline 0.002 -17"><span class='ocrx_word' id='word_1_213' title='bbox 328 4211 449 4276; x_wconf 82' lang='lat' dir='ltr'><strong>Mart.</strong></span> <span class='ocrx_word' id='word_1_214' title='bbox 480 4209 535 4276; x_wconf 80' lang='lat' dir='ltr'><strong>Oa</strong></span> <span class='ocrx_word' id='word_1_215' title='bbox 542 4229 573 4292; x_wconf 92' lang='lat' dir='ltr'><strong>p.</strong></span> <span class='ocrx_word' id='word_1_216' title='bbox 595 4209 613 4275; x_wconf 96' lang='lat' dir='ltr'>I</span> <span class='ocrx_word' id='word_1_217' title='bbox 634 4211 670 4276; x_wconf 88' lang='lat'><strong>9:</strong></span> <span class='ocrx_word' id='word_1_218' title='bbox 701 4211 881 4278; x_wconf 86' lang='lat' dir='ltr'><strong>Denudata</strong></span> <span class='ocrx_word' id='word_1_219' title='bbox 910 4214 1071 4293; x_wconf 88' lang='lat' dir='ltr'><strong>pecudum</strong></span> <span class='ocrx_word' id='word_1_220' title='bbox 1101 4215 1202 4280; x_wconf 89' lang='lat' dir='ltr'><strong>caede</strong></span> <span class='ocrx_word' id='word_1_221' title='bbox 1230 4211 1421 4280; x_wconf 82' lang='lat' dir='ltr'><strong>fissiculatie</strong></span> 
     </span>
     <span class='ocr_line' id='line_1_36' title="bbox 242 4310 1177 4395; baseline 0.003 -17"><span class='ocrx_word' id='word_1_222' title='bbox 242 4317 392 4380; x_wconf 88' lang='lat' dir='ltr'><strong>extorum</strong></span> <span class='ocrx_word' id='word_1_223' title='bbox 415 4310 567 4394; x_wconf 89' lang='lat' dir='ltr'><strong>prosiciis</strong></span> <span class='ocrx_word' id='word_1_224' title='bbox 590 4311 764 4380; x_wconf 88' lang='lat' dir='ltr'><strong>viscera</strong></span> <span class='ocrx_word' id='word_1_225' title='bbox 786 4313 1084 4395; x_wconf 82' lang='lat' dir='ltr'><strong>loquebantur.</strong></span> <span class='ocrx_word' id='word_1_226' title='bbox 1175 4343 1177 4360; x_wconf 91' lang='lat'><em>·</em></span> 
     </span>
    </p>
   </div>
   <div class='ocr_carea' id='block_1_13' title="bbox 0 0 1753 5092">
    <p class='ocr_par' dir='ltr' id='par_1_13' title="bbox 0 0 1753 5092">
     <span class='ocr_line' id='line_1_37' title="bbox 0 0 1753 5092; baseline 0 0"><span class='ocrx_word' id='word_1_227' title='bbox 0 0 1753 5092; x_wconf 95' lang='lat' dir='ltr'><strong> </strong></span> 
     </span>
    </p>
   </div>
  </div>
 </body>
</html>
