3492 5092
565 1455 779 1552 CAPUT
811 1455 1084 1551 PRIMUM

818 1658 849 1722 A

520 1791 796 1858 TESTIMONIA
818 1793 951 1860 RITUS
974 1793 1150 1861 GRAECI

326 1963 568 2045 Aeschylus
590 1963 695 2028 Prom.
717 1963 780 2029 495
793 1981 881 2042 seqq.
903 1963 960 2029 K:

392 2079 644 2162 Σπλύμχνων
664 2103 707 2144 τε
728 2079 943 2164 λειότητα,
966 2081 1034 2144 καί
1056 2083 1203 2164 χροιάν
1223 2085 1317 2145 τίνοι

393 2179 493 2263 ἔχοντ’
516 2181 553 2244 δν
576 2179 624 2269 ε’ίη
646 2181 850 2264 δαίμοσιν
871 2181 976 2267 πρὸς
997 2181 1160 2268 ἡδονήν,

392 2284 517 2370 χολής
545 2284 672 2368 λοβοῦ
699 2308 740 2348 τε
761 2284 961 2371 ποικίλην
983 2284 1220 2372 εὐμορφίαν

394 2440 400 2453 .
424 2435 431 2449 .
457 2434 463 2452 .
488 2385 720 2472 δυστέκμαρτον
741 2385 788 2464 εἰς
808 2392 918 2474 τέχνην

393 2487 520 2553 ὥδωσα.

324 2627 459 2693 Schol.
481 2646 545 2692 rec.
561 2629 605 2692 ad
620 2646 650 2693 v.
665 2628 730 2694 484
744 2631 827 2692 extr.
851 2628 899 2692 εδ.
919 2626 1005 2693 Guil.
1028 2626 1227 2700 Dindorf:
1249 2625 1418 2706 Σχίζυντις

234 2728 298 2813 γὰρ
314 2731 415 2810 μέσον
435 2727 475 2792 τὰ
493 2727 593 2814 ἱερεῖα
608 2725 744 2810 ἔβλεπον
764 2727 818 2813 τήν
832 2731 927 2792 θέσιν
940 2738 1004 2790 τῶν
1018 2727 1197 2792 ἑντοσθίων
1216 2729 1347 2792 πάντων
1360 2729 1416 2792 καί

236 2827 273 2894 ἐκ
285 2832 401 2895 τούτοιν
417 2825 636 2916 ἐτεκμαίροντο
651 2831 691 2894 τὰ
705 2830 859 2912 μέλλοντα
873 2833 1033 2912 γενέσθαι.
1064 2829 1185 2912 ὁμοίως
1207 2829 1242 2894 δὲ
1257 2831 1313 2894 καί
1334 2829 1415 2895 ἀπὸ

234 2941 305 3018 τής
324 2933 464 3018 χολῆς,
496 2932 588 3018 ήτις
610 2928 871 3019 ἐκβληθεῖσα
892 2932 958 2997 καὶ
985 2931 1286 3016 ἀνατιναγεῖσα
1310 2932 1416 3019 πρὸς

242 3036 286 3100 τὸ
304 3047 383 3100 τῶν
403 3035 619 3118 πολεμίων
639 3039 767 3119 μέρος
787 3031 911 3119 ἧττον
931 3038 1086 3100 τούτων
1109 3030 1338 3122 ἐσήμαινεν.

322 3173 471 3240 Herod.
494 3174 543 3240 VI
565 3175 623 3240 82:
649 3170 756 3251 Ἔλεξε
771 3165 847 3235 δ’ὦν
867 3173 1010 3256 φάμενος
1030 3171 1061 3257 (ὅ
1083 3172 1281 3258 Κλεομένης),
1308 3171 1415 3236 ἐπείτε

235 3274 274 3357 δή
295 3274 332 3339 τὸ
355 3285 412 3339 τοῦ
432 3273 539 3360 ’ίίργσυ
561 3273 630 3360 ίρὸν
644 3270 718 3348 είλε,
741 3273 861 3338 δοκέειν
883 3274 915 3338 οἱ
936 3273 1161 3360 ἐξεληλυθέναι
1181 3273 1236 3338 τὸν
1256 3284 1314 3338 τοῦ
1334 3277 1415 3340 θεοῦ

233 3377 390 3463 χρησμόν·
412 3376 496 3462 πρὸς
517 3371 562 3441 ὦν
582 3387 681 3440 ταῦτα
704 3377 747 3440 ού
770 3375 964 3441 δικαιοῦν
985 3387 1137 3462 πειρᾶν
1157 3385 1226 3462 τής
1244 3376 1413 3454 πόλιος,

233 3483 327 3564 πρίν
347 3501 392 3563 γε
414 3478 459 3564 δὴ
480 3477 614 3566 ἱροῖσι
636 3481 838 3566 χρήσηται
859 3479 928 3543 καὶ
949 3479 1063 3564 μάθῃ
1094 3477 1178 3544 ε’ίτε
1207 3477 1247 3544 οί
1276 3478 1294 3544 δ
1314 3481 1415 3558 θεὸς

233 3580 475 3666 παραδιδοῖ
496 3578 631 3646 είτεσί
653 3577 847 3663 ἐμποδὼν
868 3577 1021 3667 ἕστηκε.
1037 3581 1348 3668 καλλιρευμίνῳ
1372 3581 1415 3646 δὲ

233 3681 268 3748 ἐν
288 3693 334 3768 τήν
354 3683 471 3768 Ἡραίῳ
493 3682 558 3746 κτλ.

318 3820 469 3887 Herod.
492 3821 558 3887 VII
581 3821 662 3886 134:
695 3827 816 3884 Τοῖσι
838 3821 1127 3906 Σπαρτιήτῃσι
1159 3820 1413 3908 καλλιρήσαι

233 3924 490 4004 θυομένοισι
520 3921 591 3985 οὐκ
613 3916 796 3986 ἐδύνατο.

319 4059 470 4126 Herod.
494 4059 546 4124 IX
563 4059 619 4125 19:
640 4057 694 4122 Ἐκ
715 4056 753 4142 δή
775 4051 821 4120 ὦν
841 4067 899 4122 τοῦ
920 4057 1051 4140 Ἰσθμοῦ
1071 4057 1413 4146 καλλιρησάντων

233 4158 331 4248 ίρῶν
352 4157 606 4246 ἐπορεύοντο
628 4162 780 4236 πάντες
794 4159 839 4247 (ol
853 4159 1117 4248 Πελοποννήσιοι)
1134 4160 1190 4225 καί
1204 4161 1412 4230 ἀπικνέονται

231 4259 266 4339 ἐς
286 4261 457 4329 Ἐλευσῖνα.
480 4264 733 4348 ποιήσαντες
759 4261 893 4327 δὲκαὶ
915 4261 1099 4328 ἐνθαῦτα
1132 4263 1218 4352 ίρύ,
1253 4266 1305 4343 ὥς
1334 4287 1411 4352 σφι

231 4365 496 4452 ἐκαλλιρέετο
518 4364 661 4451 πρίσω
685 4361 948 4451 ἐπορεύοντο.

1207 4467 1256 4521 28*
