3492 5092
220 401 271 490 1⁹]
616 402 659 458 De
676 403 818 472 extispicio
837 404 929 473 capita
947 405 1002 460 tria
1337 413 1399 477 189

217 588 271 644 ott
302 576 461 646 emittunt
482 577 690 656 produntque
712 593 789 641 suas
811 581 941 642 omenta
962 577 1119 644 latebras.

303 679 506 762 Quodque
528 677 810 744 nefas-nullis
840 677 1009 760 impune
1039 681 1245 762 apparuit
1267 687 1398 768 extis,

304 800 417 864 ecce,
440 781 562 847 videt
584 779 723 862 capiti
744 780 956 846 fibrarum
986 782 1233 850 increscere
1254 787 1398 853 molem

301 883 491 950 alterius
508 881 681 964 capitis3
705 902 804 964 pars
823 902 953 966 aegra
972 885 1213 952 etmarcida
1228 890 1398 970 pendet,

303 1005 405 1068 pars
421 985 546 1051 micat
562 990 603 1051 et
622 985 757 1051 celeri
772 1004 902 1052 venas
918 991 1047 1054 movet
1069 987 1397 1071 improbapulsu.

218 1099 270 1155 630
305 1089 369 1154 His
392 1088 450 1154 ubi
471 1087 622 1169 concepit
643 1105 834 1171 magnorum
858 1088 931 1154 fata
953 1091 1120 1173 malorum,

304 1193 481 1258 exclamat:
585 1191 700 1271 ‘neque
726 1189 813 1255 enim
836 1191 909 1272 tibi,
931 1211 1063 1273 summe,
1085 1191 1192 1276 litavi,

301 1293 460 1376 Iuppiter,
483 1293 544 1358 hoc
566 1311 694 1358 sacrum
717 1293 922 1374 caesique
944 1293 979 1358 in
1001 1298 1177 1375 pectora
1199 1295 1319 1361 tauri

303 1395 469 1484 inferni
492 1413 650 1474 venere
673 1395 757 1460 dei’.

303 1533 411 1599 Plin.
429 1533 467 1598 N.
487 1532 529 1598 H.
548 1532 690 1598 X1186:
720 1532 767 1596 In
796 1533 923 1597 corde
959 1551 1110 1598 summo
1136 1533 1397 1616 pinguitudo

219 1637 420 1716 quaedam
451 1639 517 1701 est
545 1633 682 1700 laetis
712 1634 836 1700 extis.
869 1652 948 1700 non
984 1653 1150 1716 semper
1178 1643 1316 1702 autem
1355 1638 1397 1704 in

217 1742 344 1822 parte
372 1742 565 1804 extorum
589 1736 783 1802 habitum
811 1741 886 1802 ost.
924 1737 961 1802 L.
983 1737 1199 1805 Postumio
1221 1739 1259 1805 L.
1282 1737 1305 1805 f.
1326 1740 1398 1805 Al-

217 1840 315 1908 bino
337 1859 437 1922 rege
455 1858 668 1905 sacrorum
695 1844 793 1920 post
817 1839 960 1905 cxxvi
982 1840 1288 1926 Olympiadem,
1310 1861 1397 1908 cum

217 1961 292 2011 rex
325 1944 518 2026 Pyrrhus
548 1961 596 2008 ex
625 1942 762 2008 Italia
793 1942 1077 2025 decessisset,
1115 1961 1186 2008 cor
1214 1943 1255 2008 in
1286 1945 1396 2011 extis

218 2045 474 2128 haruspices
496 2045 699 2126 inspicere
722 2049 966 2125 coeperunt.

303 2181 663 2249 Plinmffxirot:
680 2179 1398 2248 Taurorumfelleaureusducitur

217 2285 342 2351 color.
371 2283 625 2365 haruspices
646 2283 688 2349 id
710 2283 906 2364 Neptuno
931 2287 971 2348 et
994 2283 1150 2349 umoris
1172 2283 1397 2366 potentiae

218 2387 438 2468 dicavere,
461 2385 755 2470 geminumque
777 2385 976 2452 fuitdivo
992 2385 1200 2470 Augusto,
1230 2387 1397 2468 quodie

218 2492 329 2570 apud
351 2489 520 2554 Actium
542 2488 664 2555 vicit.

303 2625 410 2690 Plin.
433 2625 472 2690 N.
487 2624 528 2690 H.
547 2624 599 2688 XI
615 2625 678 2690 189
689 2643 771 2706 seq:
799 2624 928 2690 Iecur
949 2623 985 2689 in
1008 2626 1146 2690 dextera
1169 2628 1265 2705 parte
1288 2625 1396 2690 estin

217 2747 264 2812 eo,
287 2729 373 2808 quod
396 2732 498 2809 caput
520 2731 668 2792 extorum
698 2730 827 2808 vocant,
859 2743 1037 2809 magnae
1067 2726 1306 2792 varietatis
1329 2777 1336 2790 .
1358 2778 1365 2792 .
1389 2778 1395 2792 .

218 2836 349 2912 caput
371 2829 727 2896 extorumtristis
751 2827 917 2895 ostenti
940 2847 1105 2894 caesum
1128 2847 1291 2909 quoque
1314 2834 1396 2912 est,

216 2937 448 3014 praeterquam
464 2932 498 2997 in
515 2930 737 2998 sollicitudine
753 2950 792 2997 ac
807 2936 906 2997 metu.
928 2935 1008 2998 tunc
1030 2930 1117 2997 enim
1134 2929 1277 3012 peremit
1291 2949 1396 2997 curas.

302 3069 410 3136 Plin.
425 3069 463 3134 N.
475 3069 516 3135 H.
530 3069 583 3134 XI
601 3069 679 3135 204:
702 3069 903 3135 Adnectitur
922 3067 990 3134 lien
1005 3069 1038 3133 in
1062 3066 1199 3134 sinistra
1220 3072 1317 3148 parte
1338 3069 1395 3132 ad-

220 3190 335 3239 versus
357 3171 508 3255 iecori,
537 3190 623 3237 cum
646 3190 723 3252 quo
753 3173 887 3238 locum
910 3170 1143 3250 aliquando
1165 3171 1396 3251 permutat,

217 3275 290 3340 sed
311 3273 568 3356 prodigiose.

301 3410 409 3476 Plin.
431 3410 539 3492 Epist.
561 3411 597 3475 ΙΙ
619 3411 661 3474 20
682 3409 804 3492 Reguli
828 3408 998 3474 cuiusdam
1028 3407 1153 3473 scelera
1184 3412 1311 3489 narrat,
1339 3407 1396 3488 qui

218 3513 237 3599 ξ
258 3515 280 3578 4
302 3511 400 3578 dicit:
422 3511 710 3593 ‘Haruspieem
726 3511 899 3592 consulam,
923 3528 1017 3591 quem
1039 3528 1110 3575 sum
1131 3508 1322 3590 frequenter
1341 3527 1395 3575 ex·

217 3615 347 3696 pertus’.
392 3615 459 3680 Nec
481 3633 586 3695 mora;
608 3613 882 3679 sacrificium
904 3611 995 3696 facit,
1025 3612 1179 3678 adfirmat
1201 3615 1301 3677 exta
1323 3629 1396 3676 cum

217 3717 360 3784 siderum
375 3715 616 3798 significatione
631 3734 811 3799 congruere
834 3767 886 3781 ...
911 3716 951 3780 13
973 3715 1093 3796 Aspice
1112 3713 1316 3797 Regulum
1338 3713 1396 3794 qui

293 3826 331 3885 ut
353 3819 425 3901 ipse
446 3818 528 3884 mihi
546 3818 669 3884 dixerit
767 3837 839 3884 cum
862 3818 1046 3884 consuleret
1068 3835 1166 3898 quam
1189 3815 1253 3881 cito
1275 3819 1396 3882 sester-

216 3921 300 3988 tium
319 3921 500 3988 sescenties
522 3921 715 4002 impleturus
738 3925 833 4004 esset,
855 3919 1082 3986 invenisse
1105 3938 1147 3985 se
1170 3923 1271 3985 exta
1294 3919 1396 4000 dup-

216 4023 337 4104 licia,
372 4023 526 4105 quibus
552 4023 756 4104 portendi
788 4022 930 4088 milies
961 4026 1003 4087 et
1024 4021 1252 4087 ducenties
1273 4020 1396 4086 habi·

217 4130 364 4193 turum.

261 4263 332 4329 Sil.
354 4263 453 4329 Ital.
475 4264 556 4328 Pun
578 4263 596 4328 I
619 4262 682 4328 120
697 4280 801 4344 seqq:

303 4364 424 4432 Hostia
445 4368 611 4431 mactatur
633 4363 754 4430 dirae
777 4363 1027 4445 raptimque
1056 4361 1249 4429 recludit

1194 4463 1242 4518 18*
