3492 5092
236 386 291 473 61]
630 386 670 438 De
688 383 829 452 extispicio
847 385 937 452 capita
955 384 1010 440 tria
1353 387 1416 451 231

238 578 274 626 se
306 559 411 624 habet
442 556 524 622 illud
557 559 634 620 certe
661 575 725 619 aaa
749 575 903 637 praescus.
947 556 1030 622 Nam
1059 556 1094 622 in
1124 562 1202 623 exta
1230 557 1324 622 laesa
1353 575 1418 622 non

238 660 332 729 venit
361 661 449 725 deus.
493 657 677 725 Scholiasta
711 663 820 724 autem
853 657 1045 740 posterioris
1077 659 1153 725 aevi
1186 659 1349 726 Graecum
1384 664 1419 724 et

239 764 421 832 Romanum
447 780 568 827 morem
590 779 627 826 eo
646 760 778 827 facilins
800 760 889 827 inter
911 780 946 826 se
969 761 1178 844 commiscuit,
1207 761 1284 844 qnia
1307 779 1325 826 e
1347 761 1418 828 vul-

241 865 317 949 gari
348 864 499 947 opinione
528 868 563 929 et
591 865 677 946 apud
707 863 849 929 Graecos
879 868 914 929 et
941 865 1029 945 apud
1048 864 1212 932 Romanos
1237 867 1318 930 deus
1347 863 1418 945 ipse

240 969 276 1034 in
298 967 384 1034 extis
407 966 573 1033 efficiebat
594 965 727 1052 signa1)
768 966 931 1048 Quomodo
945 967 1006 1032 hoc
1021 965 1147 1050 fecerit,
1170 966 1199 1032 si
1213 965 1419 1048 perspexeri-

242 1091 323 1154 mus,
346 1071 513 1152 habemus,
542 1070 627 1134 unde
649 1069 834 1136 deridemus
857 1068 1021 1149 extispicii
1043 1069 1211 1151 originem.
1265 1067 1420 1151 Quaestio

243 1172 436 1255 simpliciter
470 1172 519 1237 sic
552 1172 739 1237 dirimatur:
780 1173 859 1236 deus
888 1171 1015 1254 magico
1055 1171 1255 1254 precationis
1288 1171 1419 1238 viuculo

244 1280 372 1342 tractus
403 1275 438 1340 in
461 1293 531 1358 sua,
560 1278 598 1340 ut
628 1273 678 1339 ita
708 1273 863 1356 dicamus,
890 1273 1019 1340 hostiae
1044 1279 1140 1355 parte
1168 1275 1198 1340 h.
1222 1293 1249 1340 e.
1278 1275 1310 1339 in
1335 1273 1420 1340 extis

245 1379 383 1446 collocat
406 1377 553 1460 sedeat)
576 1378 662 1457 quod
677 1377 829 1441 Lucanus
850 1375 902 1441 his
925 1377 1113 1458 comprobat
1135 1376 1261 1442 verbis:
1284 1377 1421 1457 caesique

244 1483 281 1545 ia
301 1482 419 1545 macera
448 1480 535 1544 taari
560 1479 682 1559 iaforai
710 1498 815 1541 omero
837 1477 923 1560 deii)
970 1478 1074 1561 Quam
1104 1479 1288 1561 opinionem
1317 1478 1419 1545 fuisse

244 1582 381 1650 rudibus
414 1581 542 1664 populis
577 1580 840 1663 acceptissimam
874 1582 982 1646 elncet
1006 1601 1024 1646 e
1050 1581 1222 1662 permultis
1255 1581 1421 1663 exemplis.

244 1685 441 1753 Notissimus
471 1689 522 1750 est
552 1703 631 1750 usus
654 1703 767 1751 vocum
790 1683 989 1751 Graecarum
1013 1680 1126 1760 ἔνθεος
1148 1678 1420 1769 ἐνθουσιασμόςβ)

243 1787 370 1854 Deinde
394 1792 523 1853 constat
544 1792 674 1853 veteres
697 1786 874 1853 credidisse
897 1789 991 1852 deum
1014 1787 1050 1852 in
1072 1787 1212 1854 hominis
1238 1787 1421 1854 visceribus

244 1895 497 1957 commorantem
511 1889 602 1955 illius
617 1890 757 1955 humano
772 1907 827 1954 ore
842 1889 900 1972 uti,
923 1895 961 1955 ut
976 1890 1182 1956 voluntatem
1204 1890 1422 1972 praediceret,

245 1996 331 2074 quod
346 2012 404 2059 nos
419 1995 515 2058 docet
528 1992 672 2074 Pythiae
692 1993 889 2072 enemplum.¹
919 1991 984 2057 Sed
1005 1991 1105 2057 aliter
1120 1997 1220 2073 atque
1235 1992 1272 2057 in
1292 1993 1421 2057 homine

247 2115 283 2163 sc
305 2097 408 2162 habet
424 2098 504 2161 deus
522 2095 557 2160 in
581 2099 671 2160 muto
693 2094 828 2160 animali
850 2113 997 2160 versans.
1034 2093 1193 2177 Quoniam
1216 2113 1279 2160 vox
1301 2093 1421 2175 deficit,

245 2198 429 2264 hominibus
451 2199 584 2263 deorum
614 2199 717 2278 sedes
745 2197 776 2262 h.
803 2215 829 2262 e.
860 2196 998 2280 viscera,
1027 2197 1247 2278 perquirenda
1277 2199 1364 2279 sunt,
1393 2196 1422 2260 si

247 2300 392 2367 divinam
415 2301 618 2368 voluntatem
638 2299 824 2381 perspicere
843 2298 1028 2381 cupiebant.
1064 2299 1104 2364 Id
1127 2299 1221 2365 uobis
1236 2299 1423 2365 illustratur

245 2403 359 2471 verbis
381 2401 554 2485 PlinianiS,
583 2403 612 2467 si
641 2404 732 2467 modo
762 2402 856 2468 nobis
885 2402 920 2467 in
943 2401 1131 2468 memoriam
1160 2402 1422 2470 revocaverimus

244 2524 370 2571 omnem
406 2506 552 2571 morbum
581 2507 670 2586 apud
698 2504 849 2586 antiquos
878 2506 939 2570 sub
973 2504 1082 2586 specie
1105 2505 1270 2570 daemonis
1300 2502 1424 2569 inimici

244 2607 450 2672 intellectum
487 2625 567 2672 esse.
619 2606 759 2688 Scripsit
791 2607 876 2672 enim
913 2606 1058 2673 Plinius:
1087 2606 1170 2672 Stat
1206 2607 1316 2672 occulti
1346 2608 1424 2669 iate-

244 2727 412 2773 raacorum
439 2709 543 2793 morbi,
572 2708 610 2772 de
641 2709 753 2790 aazias
785 2710 900 2772 miram
931 2709 1085 2790 proditur.
1140 2709 1178 2773 Si
1209 2709 1306 2772 catali
1331 2709 1425 2790 prinas

246 2831 341 2893 paam
372 2811 495 2876 adeam
527 2811 722 2894 adplicentur
753 2811 858 2876 triduo
890 2812 1043 2876 stomacho
1077 2813 1211 2876 otacime
1244 2832 1279 2875 oc
1308 2813 1426 2893 pectori

246 2919 274 2978 ct
302 2935 339 2978 ea
369 2934 420 2979 arc
452 2916 540 2996 capri·
567 2920 688 2995 sactum
718 2916 807 2978 iactis
835 2916 999 2996 accipiant,
1029 2916 1166 2979 transire
1194 2916 1256 2978 cim
1279 2914 1331 2999 (sc.
1354 2913 1425 2978 dac-

247 3020 377 3103 mcacm)
422 3017 531 3100 morbi,
570 3022 723 3099 postremo
765 3019 942 3082 exanimari
985 3017 1180 3099 dissectisque
1210 3019 1320 3100 palium
1354 3017 1426 3098 fieri

246 3139 358 3183 caucos
379 3120 515 3205 mordi.⁶)
560 3120 624 3186 Sed
639 3139 704 3186 non
725 3120 819 3186 venit
841 3123 922 3186 deus
943 3120 1132 3202 precatione
1147 3124 1284 3186 vocatus
1307 3118 1371 3184 nisi
1390 3119 1426 3183 in

246 3221 383 3304 integra
405 3228 493 3304 extu,
515 3221 669 3302 quoniam
691 3222 784 3289 vitae
807 3225 902 3288 sedes
925 3222 1044 3288 mutila
1065 3221 1212 3288 divinam
1235 3221 1337 3289 vitam
1361 3239 1426 3286 non

248 3325 346 3406 capit.
383 3324 423 3390 In
446 3330 525 3390 exta
545 3325 638 3391 laesa
660 3329 719 3390 aut
741 3325 870 3390 omnino
888 3325 998 3390 nullus
1014 3326 1093 3390 deus
1107 3323 1208 3406 vonit,
1232 3328 1299 3406 aut,
1323 3323 1426 3404 siquis

247 3432 397 3510 apparet,
426 3446 490 3492 non
520 3427 555 3492 id
585 3446 704 3493 numen
734 3433 793 3510 est,
823 3429 909 3508 quod
939 3426 1092 3509 precibus
1124 3433 1334 3509 vocaverant,
1368 3428 1427 3492 sed

335 3680 356 3749 ¹)
375 3681 474 3736 Herod.
492 3681 534 3735 IX
551 3681 598 3750 623
618 3682 691 3738 Plut.
710 3681 794 3736 Arist.
814 3682 860 3751 183
879 3682 947 3736 Xen.
960 3682 1030 3736 Hell.
1049 3682 1130 3750 1113,
1142 3681 1172 3750 43
1191 3681 1265 3736 Plut.
1283 3683 1361 3737 Arat.
1379 3681 1426 3748 433

248 3765 308 3820 Tib.
327 3766 398 3834 115,
417 3765 464 3835 13;
490 3767 555 3821 Luc.
573 3767 669 3822 Phars.
693 3767 790 3835 16343
815 3767 861 3822 Sil.
880 3767 944 3821 Ital.
962 3767 1031 3822 Pun.
1051 3768 1065 3820 I
1084 3767 1146 3834 138;
1171 3766 1264 3821 IambL
1290 3767 1323 3821 dc
1346 3772 1427 3835 myst.

248 3851 368 3920 Aegypt.
386 3852 430 3906 111
449 3852 473 3917 1,
492 3851 595 3921 11115‚
614 3853 659 3906 111
677 3853 723 3921 16;
741 3853 806 3908 Min.
825 3853 882 3907 Fel.
900 3852 958 3907 Oct.
971 3853 1017 3921 273
1037 3852 1135 3908 Arnob.
1154 3852 1216 3906 adv.
1234 3857 1310 3921 gent.
1329 3852 1369 3907 IV
1382 3852 1428 3920 113

249 3936 326 3992 Lact.
345 3937 379 3992 de
403 3937 535 3992 mortibus
558 3953 658 4007 perseo.
683 3938 730 4007 10;
755 3937 854 3993 Euseb.
877 3939 1023 3994 demonstr.
1047 3954 1088 3992 cv.
1113 3955 1138 4008 p.
1163 3937 1214 3992 209
1223 3938 1257 3992 D.
1301 3937 1343 3992 Ab
1368 3938 1428 3992 aliis

249 4022 362 4078 defensa
380 4027 423 4078 est
440 4023 579 4078 sententia
596 4023 714 4078 animam
731 4024 884 4093 fugientem
903 4023 967 4078 darc
985 4040 1121 4092 responsa,
1139 4029 1206 4078 nuta
1217 4024 1333 4078 fortasse
1346 4039 1380 4078 ex
1397 4039 1428 4078 co

249 4108 321 4176 quod
339 4107 427 4162 adhuc
445 4108 536 4163 calida
554 4114 583 4164 ct
599 4109 747 4164 trementia
763 4109 979 4177 inspiciebantur
996 4114 1069 4164 exta.

336 4193 359 4262 ¹)
379 4193 478 4248 Arnob.
497 4193 515 4248 l.
533 4195 551 4248 l.
707 4193 727 4260 ³)
746 4194 840 4249 Pham.
859 4194 950 4249 1633.

336 4278 359 4346 ⁴)
377 4278 417 4333 ct.
439 4279 635 4348 Dieterich‚
653 4279 728 4334 Eine
746 4278 982 4349 Mithraclitwpic
999 4296 1025 4347 p.
1044 4278 1095 4334 106
1104 4295 1176 4348 seqq.
1212 4279 1341 4334 Nostrum
1362 4278 1431 4334 coto

250 4363 291 4417 im
308 4363 424 4418 Herem.
580 4365 601 4434 ⁶)
619 4365 652 4420 N.
671 4365 705 4419 H.
725 4365 804 4420 XXX
820 4365 862 4420 64.
