<?xml version="1.0" encoding="UTF-8"?>
<!DOCTYPE html PUBLIC "-//W3C//DTD XHTML 1.0 Transitional//EN"
    "http://www.w3.org/TR/xhtml1/DTD/xhtml1-transitional.dtd">
<html xmlns="http://www.w3.org/1999/xhtml" xml:lang="en" lang="en">
 <head>
  <title>
</title>
<meta http-equiv="Content-Type" content="text/html;charset=utf-8" />
  <meta name='ocr-system' content='tesseract 3.04.00' />
  <meta name='ocr-capabilities' content='ocr_page ocr_carea ocr_par ocr_line ocrx_word'/>
</head>
<body>
  <div class='ocr_page' id='page_1' title='image "./deextispicocapi00bezogoog_0020.png"; bbox 0 0 3492 5092; ppageno 0'>
   <div class='ocr_carea' id='block_1_1' title="bbox 353 337 1531 428">
    <p class='ocr_par' dir='ltr' id='par_1_1' title="bbox 353 337 1531 428">
     <span class='ocr_line' id='line_1_1' title="bbox 353 337 1531 428; baseline -0.001 -35"><span class='ocrx_word' id='word_1_1' title='bbox 353 341 416 406; x_wconf 81' lang='grc'><strong>184</strong></span> <span class='ocrx_word' id='word_1_2' title='bbox 813 337 947 408; x_wconf 72' lang='lat' dir='ltr'><strong>Georgius</strong></span> <span class='ocrx_word' id='word_1_3' title='bbox 965 339 1078 393; x_wconf 84' lang='lat' dir='ltr'><strong>Blocher</strong></span> <span class='ocrx_word' id='word_1_4' title='bbox 1475 339 1531 428; x_wconf 82' lang='lat'><strong>[14</strong></span> 
     </span>
    </p>
   </div>
   <div class='ocr_carea' id='block_1_2' title="bbox 350 509 1530 900">
    <p class='ocr_par' dir='ltr' id='par_1_2' title="bbox 350 509 1530 900">
     <span class='ocr_line' id='line_1_2' title="bbox 437 509 1530 596; baseline 0.001 -19"><span class='ocrx_word' id='word_1_5' title='bbox 437 511 803 580; x_wconf 82' lang='lat' dir='ltr'><strong>Liv.XLH30extr.:</strong></span> <span class='ocrx_word' id='word_1_6' title='bbox 825 509 1173 591; x_wconf 89' lang='lat' dir='ltr'><strong>Haruspicesita</strong></span> <span class='ocrx_word' id='word_1_7' title='bbox 1195 514 1530 596; x_wconf 87' lang='lat' dir='ltr'><strong>responderunt,</strong></span> 
     </span>
     <span class='ocr_line' id='line_1_3' title="bbox 351 611 1529 696; baseline 0 -16"><span class='ocrx_word' id='word_1_8' title='bbox 351 615 388 682; x_wconf 88' lang='lat' dir='ltr'><strong>si</strong></span> <span class='ocrx_word' id='word_1_9' title='bbox 421 614 523 696; x_wconf 89' lang='lat' dir='ltr'><strong>qnid</strong></span> <span class='ocrx_word' id='word_1_10' title='bbox 561 613 626 680; x_wconf 91' lang='lat' dir='ltr'><strong>rei</strong></span> <span class='ocrx_word' id='word_1_11' title='bbox 658 631 793 679; x_wconf 84' lang='lat' dir='ltr'><strong>novae</strong></span> <span class='ocrx_word' id='word_1_12' title='bbox 826 611 1115 694; x_wconf 82' lang='lat' dir='ltr'>inciperetur,</span> <span class='ocrx_word' id='word_1_13' title='bbox 1155 612 1198 678; x_wconf 87' lang='lat' dir='ltr'><strong>id</strong></span> <span class='ocrx_word' id='word_1_14' title='bbox 1234 616 1529 680; x_wconf 86' lang='lat' dir='ltr'><strong>maturandum</strong></span> 
     </span>
     <span class='ocr_line' id='line_1_4' title="bbox 351 715 1530 799; baseline -0.001 -15"><span class='ocrx_word' id='word_1_15' title='bbox 351 736 463 784; x_wconf 86' lang='lat' dir='ltr'><strong>esse:</strong></span> <span class='ocrx_word' id='word_1_16' title='bbox 496 716 743 799; x_wconf 84' lang='lat' dir='ltr'><strong>victoriam,</strong></span> <span class='ocrx_word' id='word_1_17' title='bbox 775 715 1051 797; x_wconf 89' lang='lat' dir='ltr'><strong>triumphum,</strong></span> <span class='ocrx_word' id='word_1_18' title='bbox 1086 716 1445 798; x_wconf 82' lang='lat' dir='ltr'><strong>propagationem</strong></span> <span class='ocrx_word' id='word_1_19' title='bbox 1474 716 1530 783; x_wconf 89' lang='lat' dir='ltr'><strong>fi·</strong></span> 
     </span>
     <span class='ocr_line' id='line_1_5' title="bbox 350 817 694 900; baseline -0.006 -15"><span class='ocrx_word' id='word_1_20' title='bbox 350 819 462 885; x_wconf 88' lang='lat' dir='ltr'><strong>nium</strong></span> <span class='ocrx_word' id='word_1_21' title='bbox 484 817 694 900; x_wconf 86' lang='lat' dir='ltr'><strong>portendi.</strong></span> 
     </span>
    </p>
   </div>
   <div class='ocr_carea' id='block_1_3' title="bbox 349 951 1530 1342">
    <p class='ocr_par' dir='ltr' id='par_1_3' title="bbox 349 951 1530 1342">
     <span class='ocr_line' id='line_1_6' title="bbox 435 951 1529 1034; baseline 0.001 -14"><span class='ocrx_word' id='word_1_22' title='bbox 435 955 511 1020; x_wconf 92' lang='lat' dir='ltr'><strong>Iul.</strong></span> <span class='ocrx_word' id='word_1_23' title='bbox 534 954 709 1034; x_wconf 88' lang='lat' dir='ltr'><strong>Obsequ.</strong></span> <span class='ocrx_word' id='word_1_24' title='bbox 733 971 758 1017; x_wconf 91' lang='lat' dir='ltr'><strong>c.</strong></span> <span class='ocrx_word' id='word_1_25' title='bbox 781 953 837 1016; x_wconf 79' lang='lat'><strong>76:</strong></span> <span class='ocrx_word' id='word_1_26' title='bbox 868 952 916 1017; x_wconf 91' lang='lat' dir='ltr'><strong>In</strong></span> <span class='ocrx_word' id='word_1_27' title='bbox 938 951 1205 1034; x_wconf 85' lang='lat' dir='ltr'><strong>provinciam</strong></span> <span class='ocrx_word' id='word_1_28' title='bbox 1234 952 1529 1034; x_wconf 85' lang='lat' dir='ltr'><strong>proficiscens</strong></span> 
     </span>
     <span class='ocr_line' id='line_1_7' title="bbox 350 1054 1530 1138; baseline 0 -16"><span class='ocrx_word' id='word_1_29' title='bbox 350 1057 596 1124; x_wconf 76' lang='lat' dir='ltr'><strong>Postumius</strong></span> <span class='ocrx_word' id='word_1_30' title='bbox 630 1055 793 1138; x_wconf 88' lang='lat' dir='ltr'><strong>consul,</strong></span> <span class='ocrx_word' id='word_1_31' title='bbox 830 1073 915 1120; x_wconf 91' lang='lat' dir='ltr'><strong>cum</strong></span> <span class='ocrx_word' id='word_1_32' title='bbox 953 1054 1212 1138; x_wconf 89' lang='lat' dir='ltr'><strong>immolaret,</strong></span> <span class='ocrx_word' id='word_1_33' title='bbox 1252 1054 1295 1121; x_wconf 92' lang='lat' dir='ltr'><strong>in</strong></span> <span class='ocrx_word' id='word_1_34' title='bbox 1330 1055 1530 1137; x_wconf 84' lang='lat' dir='ltr'><strong>plurimis</strong></span> 
     </span>
     <span class='ocr_line' id='line_1_8' title="bbox 349 1155 1529 1240; baseline 0 -15"><span class='ocrx_word' id='word_1_35' title='bbox 349 1158 549 1227; x_wconf 81' lang='lat' dir='ltr'><strong>victimis</strong></span> <span class='ocrx_word' id='word_1_36' title='bbox 579 1163 706 1238; x_wconf 87' lang='lat' dir='ltr'><strong>caput</strong></span> <span class='ocrx_word' id='word_1_37' title='bbox 728 1157 1072 1222; x_wconf 86' lang='lat' dir='ltr'><strong>iniocinorenon</strong></span> <span class='ocrx_word' id='word_1_38' title='bbox 1094 1155 1275 1226; x_wconf 86' lang='lat' dir='ltr'><strong>invenit.</strong></span> <span class='ocrx_word' id='word_1_39' title='bbox 1298 1157 1529 1240; x_wconf 86' lang='lat' dir='ltr'><strong>profectusque</strong></span> 
     </span>
     <span class='ocr_line' id='line_1_9' title="bbox 350 1258 1042 1342; baseline -0.004 -15"><span class='ocrx_word' id='word_1_40' title='bbox 350 1267 426 1342; x_wconf 90' lang='lat' dir='ltr'><strong>post</strong></span> <span class='ocrx_word' id='word_1_41' title='bbox 448 1261 531 1326; x_wconf 74' lang='lat' dir='ltr'><strong>(liam</strong></span> <span class='ocrx_word' id='word_1_42' title='bbox 555 1261 729 1342; x_wconf 88' lang='lat' dir='ltr'><strong>septimum</strong></span> <span class='ocrx_word' id='word_1_43' title='bbox 752 1258 1042 1341; x_wconf 83' lang='lat' dir='ltr'><strong>...expiravit</strong></span> 
     </span>
    </p>
   </div>
   <div class='ocr_carea' id='block_1_4' title="bbox 349 1396 1528 1995">
    <p class='ocr_par' dir='ltr' id='par_1_4' title="bbox 349 1396 1528 1995">
     <span class='ocr_line' id='line_1_10' title="bbox 438 1396 1528 1480; baseline 0 -16"><span class='ocrx_word' id='word_1_44' title='bbox 438 1399 536 1464; x_wconf 87' lang='lat' dir='ltr'>Sall.</span> <span class='ocrx_word' id='word_1_45' title='bbox 558 1399 633 1463; x_wconf 88' lang='lat' dir='ltr'><strong>bell.</strong></span> <span class='ocrx_word' id='word_1_46' title='bbox 655 1398 728 1480; x_wconf 79' lang='lat' dir='ltr'><strong>Ing.</strong></span> <span class='ocrx_word' id='word_1_47' title='bbox 751 1398 803 1479; x_wconf 85' lang='grc'><strong>63,</strong></span> <span class='ocrx_word' id='word_1_48' title='bbox 826 1399 860 1461; x_wconf 90' lang='grc'><strong>1;</strong></span> <span class='ocrx_word' id='word_1_49' title='bbox 882 1396 947 1461; x_wconf 87' lang='lat' dir='ltr'><strong>Per</strong></span> <span class='ocrx_word' id='word_1_50' title='bbox 969 1397 1056 1462; x_wconf 84' lang='lat' dir='ltr'><strong>idem</strong></span> <span class='ocrx_word' id='word_1_51' title='bbox 1077 1401 1208 1478; x_wconf 89' lang='lat' dir='ltr'><strong>tempus</strong></span> <span class='ocrx_word' id='word_1_52' title='bbox 1231 1397 1390 1463; x_wconf 80' lang='lat' dir='ltr'><strong>Uticae</strong></span> <span class='ocrx_word' id='word_1_53' title='bbox 1411 1398 1528 1464; x_wconf 89' lang='lat' dir='ltr'><strong>forte</strong></span> 
     </span>
     <span class='ocr_line' id='line_1_11' title="bbox 350 1498 1528 1582; baseline 0 -15"><span class='ocrx_word' id='word_1_54' title='bbox 350 1501 534 1567; x_wconf 58' lang='lat' dir='ltr'><strong>&amp;Mario</strong></span> <span class='ocrx_word' id='word_1_55' title='bbox 557 1518 632 1580; x_wconf 89' lang='lat' dir='ltr'><strong>per</strong></span> <span class='ocrx_word' id='word_1_56' title='bbox 652 1499 819 1564; x_wconf 87' lang='lat' dir='ltr'><strong>hostias</strong></span> <span class='ocrx_word' id='word_1_57' title='bbox 842 1499 908 1564; x_wconf 84' lang='lat' dir='ltr'><strong>dis</strong></span> <span class='ocrx_word' id='word_1_58' title='bbox 931 1498 1205 1580; x_wconf 80' lang='lat' dir='ltr'><strong>supplicanti</strong></span> <span class='ocrx_word' id='word_1_59' title='bbox 1226 1519 1376 1582; x_wconf 85' lang='lat' dir='ltr'><strong>magna</strong></span> <span class='ocrx_word' id='word_1_60' title='bbox 1399 1507 1528 1582; x_wconf 86' lang='lat' dir='ltr'><strong>atque</strong></span> 
     </span>
     <span class='ocr_line' id='line_1_12' title="bbox 349 1601 1527 1684; baseline -0.001 -14"><span class='ocrx_word' id='word_1_61' title='bbox 349 1602 572 1670; x_wconf 89' lang='lat' dir='ltr'><strong>mirabilia</strong></span> <span class='ocrx_word' id='word_1_62' title='bbox 593 1601 795 1682; x_wconf 85' lang='lat' dir='ltr'><strong>portendi</strong></span> <span class='ocrx_word' id='word_1_63' title='bbox 817 1601 1034 1682; x_wconf 81' lang='lat' dir='ltr'><strong>haruspex</strong></span> <span class='ocrx_word' id='word_1_64' title='bbox 1054 1601 1243 1668; x_wconf 81' lang='lat' dir='ltr'><strong>dixerat:</strong></span> <span class='ocrx_word' id='word_1_65' title='bbox 1264 1601 1400 1683; x_wconf 86' lang='lat' dir='ltr'><strong>proinde</strong></span> <span class='ocrx_word' id='word_1_66' title='bbox 1422 1622 1527 1684; x_wconf 85' lang='lat' dir='ltr'><strong>qnae</strong></span> 
     </span>
     <span class='ocr_line' id='line_1_13' title="bbox 349 1703 1527 1787; baseline 0 -16"><span class='ocrx_word' id='word_1_67' title='bbox 349 1706 486 1772; x_wconf 88' lang='lat' dir='ltr'><strong>animo</strong></span> <span class='ocrx_word' id='word_1_68' title='bbox 505 1704 708 1786; x_wconf 79' lang='lat' dir='ltr'><strong>agitabat</strong></span> <span class='ocrx_word' id='word_1_69' title='bbox 730 1703 872 1770; x_wconf 86' lang='lat' dir='ltr'><strong>fretus</strong></span> <span class='ocrx_word' id='word_1_70' title='bbox 893 1703 959 1769; x_wconf 88' lang='lat' dir='ltr'><strong>dis</strong></span> <span class='ocrx_word' id='word_1_71' title='bbox 981 1709 1148 1787; x_wconf 88' lang='lat' dir='ltr'><strong>ageret,</strong></span> <span class='ocrx_word' id='word_1_72' title='bbox 1170 1704 1387 1771; x_wconf 84' lang='lat' dir='ltr'><strong>fortunam</strong></span> <span class='ocrx_word' id='word_1_73' title='bbox 1409 1725 1527 1785; x_wconf 89' lang='lat' dir='ltr'><strong>quam</strong></span> 
     </span>
     <span class='ocr_line' id='line_1_14' title="bbox 349 1806 1526 1889; baseline 0 -15"><span class='ocrx_word' id='word_1_74' title='bbox 349 1806 613 1889; x_wconf 88' lang='lat' dir='ltr'><strong>saepissume</strong></span> <span class='ocrx_word' id='word_1_75' title='bbox 643 1806 936 1889; x_wconf 87' lang='lat' dir='ltr'><strong>experiretur,</strong></span> <span class='ocrx_word' id='word_1_76' title='bbox 974 1811 1128 1872; x_wconf 89' lang='lat' dir='ltr'><strong>cuncta</strong></span> <span class='ocrx_word' id='word_1_77' title='bbox 1157 1825 1362 1889; x_wconf 86' lang='lat' dir='ltr'><strong>prospere</strong></span> <span class='ocrx_word' id='word_1_78' title='bbox 1399 1826 1526 1874; x_wconf 87' lang='lat' dir='ltr'><strong>even·</strong></span> 
     </span>
     <span class='ocr_line' id='line_1_15' title="bbox 349 1909 485 1995; baseline 0.007 -20"><span class='ocrx_word' id='word_1_79' title='bbox 349 1909 485 1995; x_wconf 85' lang='lat' dir='ltr'><strong>tura.¹)</strong></span> 
     </span>
    </p>
   </div>
   <div class='ocr_carea' id='block_1_5' title="bbox 349 2047 1527 2220">
    <p class='ocr_par' dir='ltr' id='par_1_5' title="bbox 349 2047 1527 2220">
     <span class='ocr_line' id='line_1_16' title="bbox 434 2047 1527 2132; baseline 0 -20"><span class='ocrx_word' id='word_1_80' title='bbox 434 2048 538 2114; x_wconf 92' lang='lat' dir='ltr'><strong>Plin.</strong></span> <span class='ocrx_word' id='word_1_81' title='bbox 568 2047 659 2113; x_wconf 91' lang='lat' dir='ltr'><strong>N.H.</strong></span> <span class='ocrx_word' id='word_1_82' title='bbox 690 2048 742 2114; x_wconf 86' lang='lat' dir='ltr'><strong>XI</strong></span> <span class='ocrx_word' id='word_1_83' title='bbox 772 2049 849 2113; x_wconf 88' lang='lat'>189:</span> <span class='ocrx_word' id='word_1_84' title='bbox 894 2047 1044 2132; x_wconf 80' lang='lat' dir='ltr'><strong>(Caput</strong></span> <span class='ocrx_word' id='word_1_85' title='bbox 1082 2047 1256 2132; x_wconf 88' lang='lat' dir='ltr'><strong>iecoris)</strong></span> <span class='ocrx_word' id='word_1_86' title='bbox 1299 2047 1442 2114; x_wconf 81' lang='lat' dir='ltr'><strong>defuit</strong></span> <span class='ocrx_word' id='word_1_87' title='bbox 1484 2053 1527 2112; x_wconf 87' lang='lat' dir='ltr'><strong>et</strong></span> 
     </span>
     <span class='ocr_line' id='line_1_17' title="bbox 349 2149 1096 2220; baseline -0.001 -4"><span class='ocrx_word' id='word_1_88' title='bbox 349 2151 382 2217; x_wconf 84' lang='lat' dir='ltr'><strong>O.</strong></span> <span class='ocrx_word' id='word_1_89' title='bbox 405 2152 540 2220; x_wconf 88' lang='lat' dir='ltr'><strong>Mario</strong></span> <span class='ocrx_word' id='word_1_90' title='bbox 563 2169 649 2216; x_wconf 89' lang='lat' dir='ltr'><strong>cum</strong></span> <span class='ocrx_word' id='word_1_91' title='bbox 672 2151 913 2216; x_wconf 90' lang='lat' dir='ltr'><strong>immolaret</strong></span> <span class='ocrx_word' id='word_1_92' title='bbox 933 2149 1096 2216; x_wconf 90' lang='lat' dir='ltr'><strong>Uticae.</strong></span> 
     </span>
    </p>
   </div>
   <div class='ocr_carea' id='block_1_6' title="bbox 347 2283 1526 2577">
    <p class='ocr_par' dir='ltr' id='par_1_6' title="bbox 347 2283 1526 2577">
     <span class='ocr_line' id='line_1_18' title="bbox 434 2283 1526 2374; baseline -0.004 -20"><span class='ocrx_word' id='word_1_93' title='bbox 434 2289 543 2354; x_wconf 85' lang='lat' dir='ltr'><strong>Plut.</strong></span> <span class='ocrx_word' id='word_1_94' title='bbox 565 2288 657 2354; x_wconf 82' lang='lat' dir='ltr'><strong>Sulla</strong></span> <span class='ocrx_word' id='word_1_95' title='bbox 680 2290 736 2353; x_wconf 82' lang='lat'><strong>17:</strong></span> <span class='ocrx_word' id='word_1_96' title='bbox 765 2285 870 2363; x_wconf 82' lang='grc' dir='ltr'><em>Αὐτὸς</em></span> <span class='ocrx_word' id='word_1_97' title='bbox 891 2284 927 2350; x_wconf 78' lang='grc' dir='ltr'><strong>δὲ</strong></span> <span class='ocrx_word' id='word_1_98' title='bbox 949 2283 979 2371; x_wconf 83' lang='grc' dir='ltr'><strong>(ὃ</strong></span> <span class='ocrx_word' id='word_1_99' title='bbox 1001 2286 1171 2373; x_wconf 81' lang='grc' dir='ltr'>Σύλλας)</span> <span class='ocrx_word' id='word_1_100' title='bbox 1194 2287 1285 2374; x_wconf 82' lang='grc' dir='ltr'><em>παρὰ</em></span> <span class='ocrx_word' id='word_1_101' title='bbox 1306 2286 1360 2351; x_wconf 88' lang='grc' dir='ltr'><em>τὸν</em></span> <span class='ocrx_word' id='word_1_102' title='bbox 1381 2286 1526 2374; x_wconf 83' lang='grc' dir='ltr'><em>Κηφισὸν</em></span> 
     </span>
     <span class='ocr_line' id='line_1_19' title="bbox 348 2386 1526 2475; baseline -0.002 -21"><span class='ocrx_word' id='word_1_103' title='bbox 348 2389 846 2475; x_wconf 52' lang='grc' dir='ltr'><em>ἐσφαγιάζετοᾛαίτῶν</em></span> <span class='ocrx_word' id='word_1_104' title='bbox 868 2386 990 2473; x_wconf 81' lang='grc' dir='ltr'><em>ἱερῶν</em></span> <span class='ocrx_word' id='word_1_105' title='bbox 1010 2393 1244 2472; x_wconf 75' lang='grc' dir='ltr'><em>γενομένων</em></span> <span class='ocrx_word' id='word_1_106' title='bbox 1266 2389 1401 2474; x_wconf 78' lang='grc' dir='ltr'><strong><em>ἐχώρει</em></strong></span> <span class='ocrx_word' id='word_1_107' title='bbox 1423 2388 1526 2475; x_wconf 80' lang='grc' dir='ltr'><em>πρὸς</em></span> 
     </span>
     <span class='ocr_line' id='line_1_20' title="bbox 347 2491 716 2577; baseline -0.008 -22"><span class='ocrx_word' id='word_1_108' title='bbox 347 2491 416 2577; x_wconf 79' lang='grc' dir='ltr'><em>τὴν</em></span> <span class='ocrx_word' id='word_1_109' title='bbox 436 2495 716 2577; x_wconf 81' lang='grc' dir='ltr'><em>Χαιρώνειαν.</em></span> 
     </span>
    </p>
   </div>
   <div class='ocr_carea' id='block_1_7' title="bbox 347 2627 1526 3024">
    <p class='ocr_par' dir='ltr' id='par_1_7' title="bbox 347 2627 1526 3024">
     <span class='ocr_line' id='line_1_21' title="bbox 432 2627 1526 2714; baseline -0.001 -19"><span class='ocrx_word' id='word_1_110' title='bbox 432 2630 542 2697; x_wconf 86' lang='lat' dir='ltr'><strong>Plut.</strong></span> <span class='ocrx_word' id='word_1_111' title='bbox 579 2630 672 2696; x_wconf 81' lang='lat' dir='ltr'><strong>Sulla</strong></span> <span class='ocrx_word' id='word_1_112' title='bbox 708 2631 765 2696; x_wconf 80' lang='lat'><strong>27:</strong></span> <span class='ocrx_word' id='word_1_113' title='bbox 807 2627 1020 2714; x_wconf 77' lang='grc' dir='ltr'><em>Ἐκδηλότατα</em></span> <span class='ocrx_word' id='word_1_114' title='bbox 1064 2641 1121 2693; x_wconf 85' lang='grc' dir='ltr'><strong>τοῦ</strong></span> <span class='ocrx_word' id='word_1_115' title='bbox 1164 2632 1244 2694; x_wconf 70' lang='grc' dir='ltr'><em>θεοῦ</em></span> <span class='ocrx_word' id='word_1_116' title='bbox 1284 2630 1342 2706; x_wconf 81' lang='grc' dir='ltr'><strong>τὰς</strong></span> <span class='ocrx_word' id='word_1_117' title='bbox 1382 2630 1526 2711; x_wconf 73' lang='grc' dir='ltr'><em>εὐτυχίας</em></span> 
     </span>
     <span class='ocr_line' id='line_1_22' title="bbox 347 2727 1525 2819; baseline 0.001 -23"><span class='ocrx_word' id='word_1_118' title='bbox 347 2734 620 2819; x_wconf 78' lang='grc' dir='ltr'><em>προσημαίνοντος</em></span> <span class='ocrx_word' id='word_1_119' title='bbox 639 2731 733 2816; x_wconf 75' lang='grc' dir='ltr'><em>αὐτῷ.</em></span> <span class='ocrx_word' id='word_1_120' title='bbox 756 2734 969 2808; x_wconf 72' lang='grc' dir='ltr'><em>θύσαντος</em></span> <span class='ocrx_word' id='word_1_121' title='bbox 989 2731 1062 2814; x_wconf 83' lang='grc' dir='ltr'><em>μὲν</em></span> <span class='ocrx_word' id='word_1_122' title='bbox 1084 2732 1159 2818; x_wconf 77' lang='grc' dir='ltr'><strong>γὰρ</strong></span> <span class='ocrx_word' id='word_1_123' title='bbox 1182 2727 1382 2818; x_wconf 72' lang='grc' dir='ltr'><em>εὖθέωςῇ</em></span> <span class='ocrx_word' id='word_1_124' title='bbox 1405 2732 1525 2818; x_wconf 81' lang='grc' dir='ltr'><em>διέβη</em></span> 
     </span>
     <span class='ocr_line' id='line_1_23' title="bbox 347 2833 1526 2922; baseline 0.002 -24"><span class='ocrx_word' id='word_1_125' title='bbox 347 2835 448 2920; x_wconf 77' lang='grc' dir='ltr'><em>περί</em></span> <span class='ocrx_word' id='word_1_126' title='bbox 471 2836 657 2919; x_wconf 82' lang='grc' dir='ltr'><em>Ταράντα</em></span> <span class='ocrx_word' id='word_1_127' title='bbox 680 2833 839 2922; x_wconf 82' lang='grc' dir='ltr'><em>δάφνης</em></span> <span class='ocrx_word' id='word_1_128' title='bbox 861 2836 1068 2920; x_wconf 86' lang='grc' dir='ltr'><em>στεφάνου</em></span> <span class='ocrx_word' id='word_1_129' title='bbox 1088 2835 1340 2914; x_wconf 76' lang='grc' dir='ltr'><em>τύπονὲχων</em></span> <span class='ocrx_word' id='word_1_130' title='bbox 1362 2833 1379 2900; x_wconf 83' lang='grc' dir='ltr'>ὁ</span> <span class='ocrx_word' id='word_1_131' title='bbox 1401 2835 1526 2918; x_wconf 83' lang='grc' dir='ltr'><em>λοβὸς</em></span> 
     </span>
     <span class='ocr_line' id='line_1_24' title="bbox 348 2936 1255 3024; baseline 0 -24"><span class='ocrx_word' id='word_1_132' title='bbox 348 2938 470 3023; x_wconf 68' lang='grc' dir='ltr'><em>ὤφθη</em></span> <span class='ocrx_word' id='word_1_133' title='bbox 491 2937 562 3001; x_wconf 86' lang='grc' dir='ltr'><strong>καὶ</strong></span> <span class='ocrx_word' id='word_1_134' title='bbox 583 2937 817 3022; x_wconf 84' lang='grc' dir='ltr'><em>λημνίσκων</em></span> <span class='ocrx_word' id='word_1_135' title='bbox 838 2936 909 3001; x_wconf 80' lang='grc' dir='ltr'><strong>δύο</strong></span> <span class='ocrx_word' id='word_1_136' title='bbox 930 2942 1255 3024; x_wconf 81' lang='grc' dir='ltr'><em>κατηρτημένων.</em></span> 
     </span>
    </p>
   </div>
   <div class='ocr_carea' id='block_1_8' title="bbox 346 3075 1525 3568">
    <p class='ocr_par' dir='ltr' id='par_1_8' title="bbox 346 3075 1525 3568">
     <span class='ocr_line' id='line_1_25' title="bbox 433 3075 1525 3158; baseline 0.002 -18"><span class='ocrx_word' id='word_1_137' title='bbox 433 3077 531 3158; x_wconf 84' lang='lat' dir='ltr'><strong>Aug&#39;.</strong></span> <span class='ocrx_word' id='word_1_138' title='bbox 561 3077 602 3141; x_wconf 87' lang='lat' dir='ltr'><strong>de</strong></span> <span class='ocrx_word' id='word_1_139' title='bbox 624 3075 687 3141; x_wconf 88' lang='lat' dir='ltr'><strong>civ.</strong></span> <span class='ocrx_word' id='word_1_140' title='bbox 717 3075 771 3142; x_wconf 83' lang='lat' dir='ltr'><strong>dei</strong></span> <span class='ocrx_word' id='word_1_141' title='bbox 799 3076 835 3141; x_wconf 94' lang='grc' dir='ltr'>Π</span> <span class='ocrx_word' id='word_1_142' title='bbox 857 3077 914 3142; x_wconf 81' lang='lat'><strong>24:</strong></span> <span class='ocrx_word' id='word_1_143' title='bbox 947 3075 1026 3142; x_wconf 76' lang='lat' dir='ltr'><strong>(lum</strong></span> <span class='ocrx_word' id='word_1_144' title='bbox 1049 3075 1199 3143; x_wconf 82' lang='lat' dir='ltr'><strong>venisset</strong></span> <span class='ocrx_word' id='word_1_145' title='bbox 1228 3077 1410 3142; x_wconf 79' lang='lat' dir='ltr'><strong>Tarentum</strong></span> <span class='ocrx_word' id='word_1_146' title='bbox 1433 3077 1525 3143; x_wconf 87' lang='lat' dir='ltr'><strong>Sulla</strong></span> 
     </span>
     <span class='ocr_line' id='line_1_26' title="bbox 347 3177 1524 3262; baseline 0 -18"><span class='ocrx_word' id='word_1_147' title='bbox 347 3183 448 3260; x_wconf 87' lang='lat' dir='ltr'><strong>atque</strong></span> <span class='ocrx_word' id='word_1_148' title='bbox 470 3177 519 3243; x_wconf 90' lang='lat' dir='ltr'><strong>ibi</strong></span> <span class='ocrx_word' id='word_1_149' title='bbox 540 3177 770 3262; x_wconf 85' lang='lat' dir='ltr'><strong>sacrificasset,</strong></span> <span class='ocrx_word' id='word_1_150' title='bbox 799 3177 886 3244; x_wconf 87' lang='lat' dir='ltr'><strong>vidit</strong></span> <span class='ocrx_word' id='word_1_151' title='bbox 915 3179 950 3244; x_wconf 93' lang='lat' dir='ltr'><strong>in</strong></span> <span class='ocrx_word' id='word_1_152' title='bbox 973 3178 1084 3260; x_wconf 90' lang='lat' dir='ltr'><strong>capite</strong></span> <span class='ocrx_word' id='word_1_153' title='bbox 1106 3179 1242 3246; x_wconf 85' lang='lat' dir='ltr'><strong>vitulini</strong></span> <span class='ocrx_word' id='word_1_154' title='bbox 1271 3178 1390 3245; x_wconf 87' lang='lat' dir='ltr'><strong>iecoris</strong></span> <span class='ocrx_word' id='word_1_155' title='bbox 1411 3179 1524 3245; x_wconf 88' lang='lat' dir='ltr'><strong>simili-</strong></span> 
     </span>
     <span class='ocr_line' id='line_1_27' title="bbox 346 3281 1523 3363; baseline 0 -15"><span class='ocrx_word' id='word_1_156' title='bbox 346 3283 494 3348; x_wconf 82' lang='lat' dir='ltr'><strong>tudinem</strong></span> <span class='ocrx_word' id='word_1_157' title='bbox 517 3300 656 3347; x_wconf 91' lang='lat' dir='ltr'><strong>coronae</strong></span> <span class='ocrx_word' id='word_1_158' title='bbox 680 3299 810 3348; x_wconf 88' lang='lat' dir='ltr'><strong>aureae.</strong></span> <span class='ocrx_word' id='word_1_159' title='bbox 832 3287 911 3347; x_wconf 87' lang='lat' dir='ltr'><strong>tunc</strong></span> <span class='ocrx_word' id='word_1_160' title='bbox 934 3281 1178 3347; x_wconf 89' lang='lat' dir='ltr'><strong>Postumius</strong></span> <span class='ocrx_word' id='word_1_161' title='bbox 1200 3282 1417 3363; x_wconf 85' lang='lat' dir='ltr'><strong>haruspex</strong></span> <span class='ocrx_word' id='word_1_162' title='bbox 1446 3281 1523 3348; x_wconf 88' lang='lat' dir='ltr'><strong>illo</strong></span> 
     </span>
     <span class='ocr_line' id='line_1_28' title="bbox 346 3383 1522 3466; baseline -0.002 -15"><span class='ocrx_word' id='word_1_163' title='bbox 346 3383 574 3466; x_wconf 89' lang='lat' dir='ltr'><strong>rospondit</strong></span> <span class='ocrx_word' id='word_1_164' title='bbox 610 3384 881 3463; x_wconf 88' lang='lat' dir='ltr'><strong>praeclaram</strong></span> <span class='ocrx_word' id='word_1_165' title='bbox 914 3383 952 3448; x_wconf 91' lang='lat' dir='ltr'><strong>ei</strong></span> <span class='ocrx_word' id='word_1_166' title='bbox 992 3383 1251 3465; x_wconf 82' lang='lat' dir='ltr'><strong>significari</strong></span> <span class='ocrx_word' id='word_1_167' title='bbox 1294 3383 1522 3450; x_wconf 87' lang='lat' dir='ltr'><strong>victoriam</strong></span> 
     </span>
     <span class='ocr_line' id='line_1_29' title="bbox 346 3485 1329 3568; baseline 0 -16"><span class='ocrx_word' id='word_1_168' title='bbox 346 3485 580 3568; x_wconf 87' lang='lat' dir='ltr'><strong>iussitque,</strong></span> <span class='ocrx_word' id='word_1_169' title='bbox 602 3489 648 3552; x_wconf 88' lang='lat' dir='ltr'><strong>ut</strong></span> <span class='ocrx_word' id='word_1_170' title='bbox 670 3485 784 3551; x_wconf 85' lang='lat' dir='ltr'><strong>extis</strong></span> <span class='ocrx_word' id='word_1_171' title='bbox 806 3485 902 3552; x_wconf 90' lang='lat' dir='ltr'><strong>illis</strong></span> <span class='ocrx_word' id='word_1_172' title='bbox 925 3486 1042 3553; x_wconf 90' lang='lat' dir='ltr'><strong>solus</strong></span> <span class='ocrx_word' id='word_1_173' title='bbox 1065 3491 1329 3552; x_wconf 86' lang='lat' dir='ltr'><strong>vesceretur.</strong></span> 
     </span>
    </p>
   </div>
   <div class='ocr_carea' id='block_1_9' title="bbox 347 3621 1523 3807">
    <p class='ocr_par' dir='ltr' id='par_1_9' title="bbox 347 3621 1523 3807">
     <span class='ocr_line' id='line_1_30' title="bbox 431 3621 1523 3704; baseline 0.001 -17"><span class='ocrx_word' id='word_1_174' title='bbox 431 3622 507 3688; x_wconf 93' lang='lat' dir='ltr'><strong>Iul.</strong></span> <span class='ocrx_word' id='word_1_175' title='bbox 534 3621 710 3704; x_wconf 88' lang='lat' dir='ltr'><strong>Obsequ.</strong></span> <span class='ocrx_word' id='word_1_176' title='bbox 740 3641 765 3688; x_wconf 93' lang='lat' dir='ltr'><strong>c.</strong></span> <span class='ocrx_word' id='word_1_177' title='bbox 795 3623 852 3688; x_wconf 84' lang='lat'><strong>95:</strong></span> <span class='ocrx_word' id='word_1_178' title='bbox 883 3623 1043 3689; x_wconf 84' lang='lat' dir='ltr'><strong>Catone</strong></span> <span class='ocrx_word' id='word_1_179' title='bbox 1074 3623 1249 3689; x_wconf 88' lang='lat' dir='ltr'><strong>consule</strong></span> <span class='ocrx_word' id='word_1_180' title='bbox 1278 3622 1523 3689; x_wconf 91' lang='lat' dir='ltr'><strong>immolante</strong></span> 
     </span>
     <span class='ocr_line' id='line_1_31' title="bbox 347 3725 1523 3807; baseline -0.001 -16"><span class='ocrx_word' id='word_1_181' title='bbox 347 3729 447 3791; x_wconf 84' lang='lat' dir='ltr'><strong>exta</strong></span> <span class='ocrx_word' id='word_1_182' title='bbox 468 3725 715 3791; x_wconf 87' lang='lat' dir='ltr'><strong>tabuerunt.</strong></span> <span class='ocrx_word' id='word_1_183' title='bbox 738 3729 868 3807; x_wconf 88' lang='lat' dir='ltr'><strong>caput</strong></span> <span class='ocrx_word' id='word_1_184' title='bbox 889 3725 1427 3792; x_wconf 89' lang='lat' dir='ltr'><strong>iocinorisinventnmnou</strong></span> <span class='ocrx_word' id='word_1_185' title='bbox 1450 3731 1523 3792; x_wconf 88' lang='lat' dir='ltr'><strong>est.</strong></span> 
     </span>
    </p>
   </div>
   <div class='ocr_carea' id='block_1_10' title="bbox 347 3859 1523 4045">
    <p class='ocr_par' dir='ltr' id='par_1_10' title="bbox 347 3859 1523 4045">
     <span class='ocr_line' id='line_1_32' title="bbox 432 3859 1523 3942; baseline 0.001 -16"><span class='ocrx_word' id='word_1_186' title='bbox 432 3860 505 3926; x_wconf 93' lang='lat' dir='ltr'><strong>Iul.</strong></span> <span class='ocrx_word' id='word_1_187' title='bbox 528 3859 704 3942; x_wconf 87' lang='lat' dir='ltr'><strong>Obsequ.</strong></span> <span class='ocrx_word' id='word_1_188' title='bbox 733 3880 760 3927; x_wconf 90' lang='lat' dir='ltr'><strong>c.</strong></span> <span class='ocrx_word' id='word_1_189' title='bbox 790 3862 867 3928; x_wconf 78' lang='lat'>107:</span> <span class='ocrx_word' id='word_1_190' title='bbox 902 3862 1170 3929; x_wconf 87' lang='lat' dir='ltr'><strong>Decemviris</strong></span> <span class='ocrx_word' id='word_1_191' title='bbox 1200 3861 1523 3929; x_wconf 86' lang='lat' dir='ltr'><strong>immolantibus</strong></span> 
     </span>
     <span class='ocr_line' id='line_1_33' title="bbox 347 3961 930 4045; baseline -0.002 -15"><span class='ocrx_word' id='word_1_192' title='bbox 347 3967 479 4045; x_wconf 87' lang='lat' dir='ltr'><strong>caput</strong></span> <span class='ocrx_word' id='word_1_193' title='bbox 500 3961 712 4028; x_wconf 90' lang='lat' dir='ltr'><strong>iocinoris</strong></span> <span class='ocrx_word' id='word_1_194' title='bbox 734 3983 813 4030; x_wconf 92' lang='lat' dir='ltr'><strong>non</strong></span> <span class='ocrx_word' id='word_1_195' title='bbox 836 3963 930 4031; x_wconf 87' lang='lat' dir='ltr'><strong>fuit.</strong></span> 
     </span>
    </p>
   </div>
   <div class='ocr_carea' id='block_1_11' title="bbox 345 4148 1522 4390">
    <p class='ocr_par' dir='ltr' id='par_1_11' title="bbox 345 4148 1522 4390">
     <span class='ocr_line' id='line_1_34' title="bbox 433 4148 732 4216; baseline 0.007 -14"><span class='ocrx_word' id='word_1_196' title='bbox 433 4150 453 4216; x_wconf 91' lang='lat'><strong>¹)</strong></span> <span class='ocrx_word' id='word_1_197' title='bbox 471 4148 511 4204; x_wconf 81' lang='lat' dir='ltr'><strong>cf.</strong></span> <span class='ocrx_word' id='word_1_198' title='bbox 530 4149 604 4204; x_wconf 84' lang='lat' dir='ltr'><strong>Plut.</strong></span> <span class='ocrx_word' id='word_1_199' title='bbox 623 4149 689 4204; x_wconf 82' lang='lat' dir='ltr'><strong>Mar.</strong></span> <span class='ocrx_word' id='word_1_200' title='bbox 707 4150 732 4204; x_wconf 90' lang='grc'><strong>8.</strong></span> 
     </span>
     <span class='ocr_line' id='line_1_35' title="bbox 431 4233 1522 4306; baseline 0 -18"><span class='ocrx_word' id='word_1_201' title='bbox 431 4235 444 4268; x_wconf 79' lang='lat'>⁸</span> <span class='ocrx_word' id='word_1_202' title='bbox 471 4235 530 4288; x_wconf 91' lang='lat' dir='ltr'><strong>Hoc</strong></span> <span class='ocrx_word' id='word_1_203' title='bbox 547 4249 653 4302; x_wconf 88' lang='lat' dir='ltr'><strong>quoquo</strong></span> <span class='ocrx_word' id='word_1_204' title='bbox 670 4234 729 4288; x_wconf 91' lang='lat' dir='ltr'><strong>loco</strong></span> <span class='ocrx_word' id='word_1_205' title='bbox 746 4235 912 4290; x_wconf 82' lang='lat' dir='ltr'><strong>Plutarchus</strong></span> <span class='ocrx_word' id='word_1_206' title='bbox 929 4235 999 4292; x_wconf 84' lang='lat' dir='ltr'><strong>falso</strong></span> <span class='ocrx_word' id='word_1_207' title='bbox 1016 4235 1142 4290; x_wconf 82' lang='lat' dir='ltr'><strong>adhibuit</strong></span> <span class='ocrx_word' id='word_1_208' title='bbox 1159 4233 1321 4306; x_wconf 70' lang='grc' dir='ltr'><em>σφαγιάζειν</em></span> <span class='ocrx_word' id='word_1_209' title='bbox 1339 4251 1439 4304; x_wconf 84' lang='lat' dir='ltr'><strong>vocam,</strong></span> <span class='ocrx_word' id='word_1_210' title='bbox 1463 4249 1522 4288; x_wconf 85' lang='lat' dir='ltr'><strong>cum</strong></span> 
     </span>
     <span class='ocr_line' id='line_1_36' title="bbox 345 4319 1128 4390; baseline -0.001 -13"><span class='ocrx_word' id='word_1_211' title='bbox 345 4322 459 4377; x_wconf 78' lang='lat' dir='ltr'><strong>referret</strong></span> <span class='ocrx_word' id='word_1_212' title='bbox 476 4335 535 4374; x_wconf 89' lang='lat' dir='ltr'><strong>eom</strong></span> <span class='ocrx_word' id='word_1_213' title='bbox 553 4319 588 4373; x_wconf 82' lang='lat' dir='ltr'><strong>ad</strong></span> <span class='ocrx_word' id='word_1_214' title='bbox 606 4319 674 4389; x_wconf 71' lang='grc' dir='ltr'><strong>ἱεροί.</strong></span> <span class='ocrx_word' id='word_1_215' title='bbox 710 4320 781 4375; x_wconf 83' lang='lat' dir='ltr'><strong>Vide</strong></span> <span class='ocrx_word' id='word_1_216' title='bbox 799 4336 883 4390; x_wconf 78' lang='lat' dir='ltr'><strong>supro</strong></span> <span class='ocrx_word' id='word_1_217' title='bbox 900 4337 925 4389; x_wconf 94' lang='lat' dir='ltr'><strong>p.</strong></span> <span class='ocrx_word' id='word_1_218' title='bbox 941 4323 958 4375; x_wconf 82' lang='lat'><strong>4</strong></span> <span class='ocrx_word' id='word_1_219' title='bbox 976 4322 1038 4376; x_wconf 76' lang='lat' dir='ltr'><strong>adn.</strong></span> <span class='ocrx_word' id='word_1_220' title='bbox 1056 4321 1072 4374; x_wconf 91' lang='lat'>1</span> <span class='ocrx_word' id='word_1_221' title='bbox 1090 4319 1128 4376; x_wconf 88' lang='lat' dir='ltr'><strong>in.</strong></span> 
     </span>
    </p>
   </div>
   <div class='ocr_carea' id='block_1_12' title="bbox 0 0 1750 5092">
    <p class='ocr_par' dir='ltr' id='par_1_12' title="bbox 0 0 1750 5092">
     <span class='ocr_line' id='line_1_37' title="bbox 0 0 1750 5092; baseline 0 2"><span class='ocrx_word' id='word_1_222' title='bbox 0 0 1750 5092; x_wconf 95' lang='lat' dir='ltr'><strong> </strong></span> 
     </span>
    </p>
   </div>
  </div>
 </body>
</html>
