3492 5092
330 345 394 411 236
781 337 914 406 Georgius
931 336 1046 390 Bleoher
1454 335 1507 422 [66

329 515 505 594 Obliquum
528 511 629 577 etiam
647 509 787 575 cultrum
803 527 824 573 a
838 507 946 573 fronte
962 525 1064 588 usque
1085 507 1127 572 ad
1142 508 1280 571 caudam
1301 511 1381 572 ante
1396 505 1505 573 immo-

328 617 483 683 lationem
506 616 625 679 ducere
647 614 895 693 consueverant,
917 610 1039 690 quoda
1062 608 1178 676 Servio
1199 609 1278 674 item
1300 609 1504 690 probationis

328 721 398 785 loco
427 715 607 800 habetur.¹)
664 716 826 780 Romanos
857 713 945 794 ipsos
974 713 1060 777 huno
1089 711 1191 777 ritum
1219 729 1283 776 non
1312 716 1404 777 recte
1433 731 1506 794 per-

329 820 476 903 spexisse
497 818 677 901 posteriore
700 835 781 883 aevo
804 817 898 881 docet
913 814 1025 883 Ovidii
1049 813 1209 880 fastorum
1230 814 1318 880 libi
1333 815 1505 896 319seqq,

330 924 395 1007 qui,
417 922 475 989 nbi
497 924 538 987 de
552 921 692 1002 Apoaoli
710 920 777 984 iace
794 918 930 998 eiusque
947 917 1075 983 nomine
1098 917 1257 999 disputat,
1279 922 1507 982 commemorat

329 1025 499 1107 praevisos
522 1024 557 1088 in
580 1042 668 1104 aqua
688 1021 800 1087 timeri
823 1022 865 1087 ab
888 1019 999 1086 hostia
1032 1021 1206 1086 cultros.
1250 1021 1316 1085 Per
1345 1037 1380 1084 se
1410 1023 1507 1100 patet

329 1130 390 1195 hoc
412 1129 456 1192 ad
469 1131 599 1209 gestum
613 1124 706 1190 illum
727 1128 818 1188 recte
834 1121 1095 1204 perspiciendum
1111 1121 1195 1187 nihil
1210 1122 1332 1204 valere,
1355 1127 1394 1186 ut
1408 1126 1507 1202 poeta

328 1229 458 1312 ipsein
481 1228 614 1294 dubium
636 1247 705 1292 rem
727 1229 833 1294 vocat.
877 1225 1029 1290 Servium
1044 1232 1176 1290 secutus
1200 1225 1238 1290 G.
1261 1223 1504 1308 wissowa2)

328 1335 389 1398 boc
410 1333 503 1397 modo
524 1350 593 1396 rem
617 1327 782 1410 exposuit:
808 1327 875 1390 Der
899 1326 1057 1408 oprande
1078 1326 1178 1390 deiciet
1206 1327 1256 1390 die
1277 1328 1400 1408 Tdiaay
1427 1346 1506 1408 εννν-

329 1434 440 1499 boiiscb
461 1454 504 1496 on
520 1433 618 1496 darei
632 1433 723 1495 maen
737 1431 926 1494 bestimmten
942 1429 1052 1493 Gesias
1066 1431 1123 1492 mit
1138 1429 1207 1492 dem
1221 1429 1349 1494 Messe-r.
1387 1430 1507 1495 Nostra

330 1536 497 1603 sententia
516 1536 568 1600 bic
588 1535 673 1600 ritus
688 1533 828 1599 fortasse
840 1533 940 1598 aliam
961 1533 1062 1598 habet
1080 1531 1156 1615 vim,
1177 1551 1261 1612 quae
1281 1533 1402 1614 optime
1413 1533 1507 1598 nobis

327 1640 517 1704 illustratur
531 1656 592 1703 usu
608 1639 747 1718 quodam
763 1635 1054 1716 aGeoponicorum
1070 1639 1202 1700 auctore
1220 1635 1391 1716 descripto.
1423 1635 1507 1700 Sunt

330 1740 400 1806 eius
422 1741 524 1806 verba
546 1738 680 1824 haec³):
710 1736 738 1800 εἰ
768 1735 803 1800 δὲ
831 1736 932 1820 θέλῃς
953 1738 1031 1800 κύνα
1052 1735 1095 1820 μὴ
1126 1738 1254 1822 φεύγειν
1283 1739 1392 1822 χρίσον
1413 1735 1508 1821 ἄρτον

329 1843 470 1926 dovoriam
491 1842 545 1904 καὶ
574 1839 629 1915 δὸς
659 1839 743 1923 αὐτῷ
764 1839 888 1922 λείχειν,
916 1835 1090 1924 ἢκαλάμῳ
1120 1837 1204 1925 ὑγρῷ
1231 1842 1386 1924 μέτρησον
1415 1837 1509 1902 αὐτὸν

330 1943 396 2008 ἀπὸ
418 1943 559 2029 κεφαλῆς
581 1942 643 2018 ἕως
663 1951 717 2028 τῆς
738 1941 844 2028 οὐρᾶς.
890 1941 990 2008 Canis
1020 1942 1125 2025 igitur
1152 1961 1193 2007 ne
1224 1941 1378 2024 aufugiat
1404 1942 1507 2009 viridi

328 2048 512 2114 harundine
534 2067 554 2112 a
577 2047 687 2127 capite
709 2064 813 2128 usque
844 2049 887 2111 ad
911 2047 1048 2110 caudam
1070 2049 1224 2110 metatur.
1268 2045 1359 2110 Luce
1382 2044 1505 2110 clarius

330 2155 382 2216 est
404 2151 489 2214 hanc
511 2167 582 2214 esse
605 2148 776 2214 defixionis
791 2147 900 2231 ritum,
922 2167 1017 2228 quem
1039 2167 1097 2214 nos
1116 2166 1269 2214 vocemus
1284 2147 1505 2212 Bonaeaadcr.

331 2253 445 2332 Neque
466 2251 628 2333 quispiam
650 2270 714 2317 non
737 2253 894 2316 concedet
915 2251 998 2316 haec
1021 2269 1092 2316 cum
1117 2250 1228 2316 verbis
1248 2249 1314 2315 illis
1337 2249 1507 2316 Servianis

332 2354 496 2420 artissimo
518 2354 650 2421 vinculo
672 2372 744 2419 esse
765 2372 918 2419 connexa.
963 2353 1046 2418 Nam
1070 2355 1183 2418 eadem
1216 2352 1252 2418 in
1277 2356 1416 2432 utroque
1439 2353 1507 2420 ani·
1619 2381 1621 2386 ·

331 2457 410 2522 mali
432 2461 484 2522 est
512 2456 599 2542 actio
622 2455 919 2539 circumscribendi,
950 2474 1014 2536 qua
1035 2455 1141 2536 ipsum
1169 2455 1291 2520 animal
1314 2457 1357 2520 ad
1380 2458 1506 2520 certum

331 2560 436 2624 locum
458 2560 522 2642 vel,
551 2564 589 2624 ut
610 2559 733 2625 rectius
763 2559 917 2640 dicamne,
946 2558 982 2624 in
1005 2558 1172 2624 cuiusdam
1202 2561 1400 2640 potestatem
1431 2557 1509 2622 defi·

331 2660 430 2744 gitur.
475 2662 568 2746 Quod
582 2662 808 2727 sacrificantes
829 2661 864 2726 in
887 2662 947 2727 hoc
969 2662 1150 2727 utebantur
1172 2661 1278 2726 cultro
1301 2679 1365 2726 non
1389 2661 1508 2726 harun-

331 2763 415 2846 dine,
437 2763 485 2829 nil
495 2757 616 2830 ‘contra
638 2765 739 2847 valet,
754 2763 908 2844 quoniam
923 2764 1030 2828 culter
1052 2764 1132 2827 moia
1146 2763 1231 2827 salsa
1245 2782 1389 2844 asperam
1400 2762 1425 2847 ⁴)
1449 2763 1509 2828 deo

332 2870 404 2930 erat
419 2867 608 2952 sacratusi)
652 2867 762 2947 Atque
783 2867 888 2932 cultro
903 2866 960 2932 illo
976 2866 1106 2947 obliquo
1122 2865 1223 2932 etiam
1238 2867 1340 2932 molas
1355 2866 1509 2932 inducere

332 2968 519 3052 solebant.⁶)
564 2968 629 3052 Qui
650 2970 711 3034 hoc
733 2969 830 3049 plane
852 2969 1068 3050 perspexerit,
1090 2987 1176 3034 nune
1205 2972 1296 3034 recte
1327 2975 1509 3052 cognoscet,

332 3089 390 3136 cur
433 3070 542 3136 hostia
582 3073 624 3137 ab
669 3089 728 3136 ara
765 3071 940 3153 aufugiens
980 3071 1242 3136 sacrificantibus
1286 3077 1355 3136 tam
1388 3073 1508 3137 malum

331 3172 525 3253 praebuerit
561 3192 670 3256 omen,
708 3173 742 3238 id
779 3175 863 3254 quod
899 3173 1088 3240 testimonia
1125 3191 1189 3239 uno
1226 3173 1321 3254 quasi
1358 3193 1414 3240 ore
1451 3193 1510 3240 nos

332 3276 449 3341 docent
461 3275 500 3361 7);
530 3277 714 3343 devotionis
746 3277 831 3341 enim
864 3276 931 3341 vim
960 3275 1091 3341 irritam
1126 3275 1281 3340 reddidit.
1333 3276 1403 3358 Quo
1441 3276 1508 3341 ritu

331 3382 466 3458 peracto
492 3369 602 3444 hostia
623 3381 825 3460 mactaturss)
855 3397 894 3444 ac
920 3379 1050 3460 supinae
1080 3377 1265 3459 eripiuntur
1295 3383 1388 3461 exta,
1425 3397 1509 3460 quae

332 3479 440 3544 calida
469 3479 704 3564 inspiciuntur,
739 3500 779 3546 ex
801 3481 905 3547 forma
935 3480 1004 3546 sola
1034 3483 1122 3561 apud
1143 3481 1310 3547 Romanus
1333 3481 1509 3565 quidemr),

421 3633 440 3704 ¹)
458 3635 501 3688 Ad
520 3635 586 3688 den.
605 3635 661 3688 XII
679 3633 737 3687 173.
1053 3632 1073 3701 ²)
1091 3634 1121 3688 L.
1140 3633 1158 3687 l.
1176 3651 1201 3702 p.
1220 3633 1280 3686 352.

420 3718 440 3789 ³)
459 3720 576 3788 Geopon.
595 3735 650 3774 cur.
668 3719 760 3774 Beolrh
778 3719 845 3773 XIX
863 3719 887 3786 2,
907 3719 947 3773 16.
1047 3719 1068 3784 ⁴)
1086 3717 1161 3774 Serv.
1180 3719 1215 3773 ad
1226 3719 1309 3788 Verg.
1323 3719 1390 3774 Aen.
1402 3719 1432 3772 ΙΙ
1451 3719 1508 3774 133.

417 3805 439 3874 ⁵)
458 3805 533 3860 Serv.
552 3806 587 3858 ad
604 3806 687 3874 Verg.
706 3806 773 3858 Aen.
791 3805 832 3858 IV
850 3805 910 3858 262.
1050 3804 1069 3869 ⁶)
1087 3804 1152 3860 Luc.
1171 3805 1265 3859 Phars.
1283 3805 1298 3858 Ι
1315 3804 1374 3858 610.

419 3889 439 3958 ⁷)
458 3889 518 3944 Liv.
537 3890 603 3944 XXI
627 3890 673 3958 63;
697 3890 763 3944 Luc.
787 3889 882 3944 Pham.
900 3890 956 3944 VII
982 3889 1045 3956 165;
1071 3889 1144 3944 Suet.
1169 3890 1228 3945 Tib.
1248 3890 1294 3958 10;
1319 3891 1418 3944 Festus
1442 3907 1462 3944 s.
1482 3907 1509 3943 v.

328 3974 487 4042 piacularia
505 3975 630 4043 auspicia
647 3992 673 4044 p.
691 3974 743 4028 245
760 3975 796 4029 M.

420 4059 441 4129 ¹)
459 4060 532 4115 Serv.
552 4062 586 4114 ad
603 4060 686 4129 Verg.
705 4059 768 4114 (leo.
786 4061 911 4128 1114923
932 4061 964 4115 ol.
983 4061 1048 4116 Eur.
1067 4061 1109 4115 El.
1127 4061 1179 4114 813
1188 4076 1261 4128 seqq.

418 4145 440 4212 ⁹)
461 4143 491 4201 V.
509 4162 591 4214 supra
608 4163 634 4214 p.
652 4145 686 4198 48
699 4161 753 4213 seq.
777 4151 806 4200 at
824 4161 893 4214 quae
911 4161 994 4214 supra
1017 4145 1189 4214 exposuimus
1213 4147 1246 4200 de
1265 4145 1335 4201 situs
1360 4151 1389 4200 et
1414 4145 1509 4200 coloris

333 4236 457 4286 extorum
474 4229 640 4298 inspectione
658 4247 684 4299 p.
702 4231 832 4299 b2seqq.;
851 4231 1040 4300 Deeckius,
1060 4231 1107 4300 qui
1124 4232 1142 4286 l.
1155 4232 1174 4285 l.
1186 4248 1212 4300 p.
1224 4231 1258 4284 69
1271 4232 1355 4286 etiam
1367 4230 1510 4300 sanguinis

332 4314 470 4369 effluentis
487 4319 516 4369 et
533 4332 558 4383 p.
578 4315 611 4369 70
628 4315 699 4370 tabis
717 4315 812 4370 iecoris
829 4315 996 4370 notationem
1014 4315 1043 4370 in
1062 4316 1233 4385 extispicium
1257 4315 1361 4386 intulit,
1385 4315 1510 4385 neglexit
