3492 5092
323 372 390 439 aas
787 366 1052 435 aarum«
1446 369 1502 455 [as

325 541 363 610 iu
383 539 467 606 lanii
495 537 670 604 cuiuslibet
698 535 833 616 eiusque
861 535 1005 602 laureati
1032 553 1146 602 mensa
1174 538 1381 619 depingenda
1409 539 1500 606 illm

327 647 456 708 tanam
477 637 668 706 adhibuisse
689 637 837 722 curann1)

411 743 531 808 Altera
547 739 675 825 effigies
689 739 827 805 Parisiis
847 739 945 806 bodie
964 745 1100 806 servata
1120 759 1281 808 marmore
1298 742 1429 807 caelata
1441 751 1503 826 est,

326 864 424 927 quem
436 845 534 912 raldo
545 844 669 910 laesam
680 861 752 908 esse
762 843 917 908 dolemus.
932 843 1077 908 Tamum
1084 843 1175 908 humi
1185 843 1337 925 supinum
1343 845 1503 911 videmus.

326 949 410 1015 'l'res
432 947 496 1015 riri
512 949 547 1013 et
561 945 625 1028 ipsi
642 944 806 1012 seminudi
827 949 930 1025 atque
951 946 1100 1011 coronati
1114 947 1246 1028 adsunt,
1267 965 1403 1026 quorum
1415 966 1502 1013 unus

325 1070 346 1118 e
368 1055 486 1118 ventre
507 1049 597 1115 tauri
618 1054 733 1130 aperto
755 1047 857 1129 eripit
877 1051 966 1130 exta,
987 1067 1061 1114 cum
1083 1049 1164 1114 socii
1185 1051 1329 1115 adstent.
1377 1050 1503 1116 Horum

326 1153 414 1220 altor
434 1151 536 1219 facile
558 1169 615 1232 pro
637 1169 723 1232 popa
737 1150 899 1232 accipitur
920 1170 961 1218 ex
975 1169 1023 1233 eo,
1044 1153 1130 1232 quod
1151 1153 1303 1218 malleum
1323 1158 1504 1235 tenetque

325 1261 459 1324 taurum
480 1254 670 1336 prostravit
713 1254 753 1319 In
767 1253 904 1318 sinistra
918 1253 1042 1334 effigiei
1055 1261 1150 1335 parte
1168 1255 1259 1320 tauri
1273 1255 1376 1337 capiti
1390 1258 1504 1321 adstat

326 1357 477 1440 quidam,
506 1356 563 1438 qui
591 1356 751 1422 hocloco
783 1355 905 1422 nullius
933 1357 1088 1422 momenti
1117 1376 1190 1424 esse
1217 1377 1284 1424 non
1311 1363 1431 1439 potest
1473 1358 1504 1424 Ε

326 1479 461 1528 numero
484 1459 744 1526 victimariorum
759 1478 832 1524 eum
850 1477 915 1524 non
937 1477 1010 1525 esse
1027 1460 1260 1526 evestimento
1280 1462 1505 1543 cognoscitur;

326 1563 497 1631 tunicatus
511 1563 599 1628 enim
613 1567 693 1643 toga
707 1580 743 1627 se
758 1561 894 1628 emicuit
911 1581 1019 1642 neque
1040 1569 1150 1628 tamen
1171 1564 1272 1646 longa
1287 1564 1505 1630 Romanorum

326 1668 500 1734 1111111111
521 1683 611 1732 more
624 1665 838 1732 Etruscorum
851 1664 892 1748 ²):
914 1667 1001 1731 unde
1017 1666 1124 1731 elucet
1145 1667 1233 1732 hunc
1253 1667 1505 1749 intelligendum

327 1787 401 1836 esse
429 1767 639 1850 extispiccm3
673 1786 767 1848 quem
796 1767 851 1833 hic
879 1768 914 1833 in
943 1787 1002 1833 sno
1029 1768 1100 1834 loco
1127 1769 1269 1849 positum
1299 1788 1372 1835 esse
1401 1775 1505 1849 patet.

327 1870 435 1954 caput
461 1870 553 1937 illius
579 1871 677 1952 plane
707 1871 851 1937 deletum
881 1869 970 1951 est.³)
1020 1871 1133 1951 Neque
1162 1871 1288 1938 iniuria
1314 1889 1505 1938 censeamus

327 1972 523 2055 extispicum
553 1973 634 2040 item
656 1977 846 2040 coronatum
875 1972 978 2039 fuisse
1005 1979 1105 2055 atque
1131 1973 1344 2040 uictimarios.
1398 1974 1506 2056 Prope

327 2093 446 2158 popam
467 2077 547 2141 duos
569 2075 718 2142 videmus
738 2075 882 2158 lictores,
912 2094 1048 2157 quorum
1071 2077 1158 2142 alter
1187 2081 1278 2143 certe
1300 2076 1508 2160 cognoscitur

327 2199 348 2245 e
378 2177 540 2262 fascibus,
568 2179 689 2260 quibus
718 2179 860 2245 secmim
889 2179 1039 2245 inseruit
1093 2180 1184 2245 Idem
1213 2179 1312 2245 lictor
1340 2179 1512 2246 simulacri

328 2287 458 2364 partem
488 2280 658 2348 sinistram
688 2282 855 2348 connectit
884 2301 957 2347 cum
985 2284 1121 2365 dextra,
1151 2284 1227 2348 dum
1260 2301 1298 2348 se
1326 2282 1432 2348 vertit
1463 2285 1508 2349 ad

329 2389 478 2466 togatum
494 2383 636 2464 aliquem
650 2384 722 2450 sine
737 2384 836 2450 dubio
858 2384 1099 2468 magistratum.
1141 2385 1324 2450 Dolendum
1340 2392 1399 2467 est,
1420 2389 1507 2465 quod

329 2485 428 2554 buius
450 2505 578 2568 quoque
592 2492 692 2568 caput
706 2487 805 2568 plane
820 2487 965 2554 deletum
987 2493 1049 2554 est.
1092 2487 1159 2554 Vix
1180 2487 1216 2553 in
1237 2487 1391 2554 bracchio
1413 2491 1506 2554 trun-

329 2593 406 2656 cato
439 2589 648 2672 cognoscitur
676 2593 738 2657 sub
773 2595 853 2674 toga
882 2589 954 2656 eius
986 2589 1090 2656 fuisse
1126 2591 1273 2657 tunicam
1300 2590 1507 2656 manicatam.

329 2691 439 2759 Huius
460 2696 536 2773 post
557 2697 686 2774 tergum
710 2693 764 2759 vir
786 2694 874 2760 alter
895 2696 1007 2759 eodem
1029 2696 1123 2759 modo
1144 2693 1288 2761 vestitus
1318 2693 1415 2759 hodie
1435 2693 1508 2759 sine

328 2794 440 2878 capite
463 2799 582 2862 exstat.
625 2796 718 2862 Haeo
735 2802 814 2862 sunt
835 2814 920 2877 quae
940 2802 1182 2879 cognoscuntur
1201 2797 1237 2862 in
1252 2795 1364 2878 effigia
1380 2796 1509 2862 caelata

329 2898 421 2964 haud
452 2897 568 2980 paucis
599 2899 681 2965 locis
713 2899 803 2965 laesa
842 2899 909 2982 ita,
941 2903 981 2964 ut
1014 2900 1057 2965 ab
1092 2899 1169 2964 sliis
1202 2899 1302 2964 aliter
1334 2897 1508 2980 cogitando

330 3000 602 3085 suppletorium)
618 3001 665 3067 At
674 3001 731 3067 diu
743 3021 837 3068 nemo
847 3001 983 3084 sciebat,
997 3020 1059 3082 quo
1067 3001 1210 3068 referret
1220 3003 1281 3068 hoc
1291 3001 1509 3083 simulacrum,

331 3103 486 3186 quoniam
510 3103 596 3170 satis
618 3103 735 3171 mirum
759 3109 819 3188 est,
851 3107 938 3186 quod
959 3105 1183 3186 magistratus,
1204 3109 1243 3169 ut
1263 3108 1338 3170 erat
1367 3102 1508 3170 omnium

332 3207 648 3292 praestantissimus,
670 3207 800 3290 abipso
816 3206 990 3289 extispicio
1004 3225 1040 3272 se
1062 3207 1159 3288 quasi
1181 3206 1310 3274 avertit
1325 3207 1377 3274 vel
1391 3225 1508 3288 parum

334 3311 379 3376 ad
394 3309 587 3392 extispioem
602 3329 638 3376 se
654 3311 812 3379 advertit.
856 3311 926 3376 Hoc
936 3329 1000 3375 non
1016 3309 1208 3392 explicetur,
1222 3309 1289 3374 nisi
1304 3308 1509 3390 suspicamur

419 3496 440 3566 ¹)
458 3497 490 3551 V.
509 3501 618 3552 nostrae
635 3497 746 3552 tabulae
763 3499 777 3552 l
794 3497 841 3566 fig.
860 3496 883 3566 1,
902 3513 984 3565 quam
1001 3497 1105 3565 primus
1121 3495 1224 3564 publici
1240 3496 1308 3550 iuris
1325 3496 1392 3550 iecit
1419 3496 1446 3550 J.
1467 3496 1509 3550 de

332 3581 459 3652 Witte,
484 3581 664 3652 Descriptioo
681 3583 727 3637 des
745 3582 899 3638 collectiores
917 3581 1096 3651 d'aatiqaitta
1108 3582 1259 3636 ementes
1276 3580 1295 3634 ὰ
1313 3580 1415 3635 l’Hdtol
1426 3581 1510 3634 Iam·

332 3665 392 3722 bert
405 3666 444 3736 pl.
463 3667 509 3736 29;
527 3683 554 3722 1.
572 3667 638 3722 ibid.
655 3684 681 3736 p.
700 3667 734 3721 96
750 3684 794 3722 no.
813 3667 854 3722 19.

421 3751 441 3822 ’)
460 3752 500 3808 Gi.
530 3753 690 3822 Etruscum,
722 3753 770 3821 qui
804 3759 919 3808 vocatur
954 3756 1048 3808 motor
1078 3751 1281 3820 Florentinum,
1310 3752 1384 3820 apud
1418 3752 1509 3806 Bau·

333 3838 552 3908 meisterum,
571 3838 739 3893 Dealcmdler
756 3856 777 3894 s.
796 3856 822 3894 v.
840 3838 976 3893 Etruslcer
991 3839 1039 3908 fig.
1055 3838 1115 3893 553.

320 3955 323 3962 ,
421 3921 441 3993 ⁸)
459 3923 492 3979 V.
512 3923 708 3994 Mittciluopso
725 3923 772 3980 dea
789 3925 869 3980 Kaio.
881 3924 1012 3979 Deutecb.
1031 3924 1105 3980 orcb.
1122 3923 1202 3990 Iost,
1220 3923 1300 3978 Rom
1318 3922 1381 3978 aet.
1399 3923 1452 3978 vol
1470 3922 1510 3978 VI

333 4009 401 4064 1891
425 4026 450 4079 p.
469 4009 503 4064 22
520 4011 611 4066 adnot.
623 4011 672 4079 613
696 4011 731 4064 ad
757 4027 838 4078 quam
862 4009 1080 4065 dissertationem
1106 4010 1228 4064 animum
1251 4008 1319 4064 mibi
1336 4024 1384 4078 per
1401 4008 1510 4063 litteras

333 4093 451 4166 benigne
469 4095 590 4152 advertit
608 4096 650 4152 vir
667 4095 839 4152 doctissimus
856 4095 1059 4166 insignissimus
1077 4097 1109 4150 Δ.
1127 4096 1219 4150 Htron
1237 4095 1271 4149 de
1288 4093 1441 4150 Villefossa

419 4179 441 4249 ⁴)
459 4181 492 4236 V.
512 4181 771 4251 Winkelmenn,
795 4179 1390 4248 1101111111.111.ΙΙ[1111.188;01111111,
1417 4179 1510 4234 Morte

333 4265 366 4321 de
383 4266 521 4336 mlptore
539 4266 569 4322 Il
582 4267 622 4337 pl.
642 4268 692 4322 195
709 4284 751 4323 uo.
768 4268 834 4336 311;
861 4265 1233 4336 Dersmbsrg·Seglio,
1257 4281 1279 4320 e.
1297 4281 1323 4319 1.
1337 4263 1511 4326 ,1)111111111111

333 4351 382 4422 dg.
400 4352 478 4421 2474,
496 4354 568 4408 unde
586 4353 735 4424 imaginem
754 4369 807 4421 que
825 4353 924 4408 titulus
940 4358 1054 4408 ornatur
1070 4351 1218 4406 hausimus.
