3492 5092
249 379 305 467 59]
651 381 690 434 De
709 379 851 450 extispicio
869 379 960 450 capito
977 380 1031 436 tria
1367 384 1429 448 229

249 553 396 619 Graecos
415 556 449 618 et
466 553 555 634 opud
568 551 740 634 Romanos,
755 551 940 632 inspectum
956 569 1036 618 esse.
1072 551 1155 618 Nem
1171 556 1282 619 cetera
1301 553 1431 622 viscere

226 646 228 650 ’
249 660 363 736 posteo
378 653 413 720 in
425 654 646 736 inspectorum
662 672 832 719 numerum
848 657 998 720 extorum
1013 658 1131 722 vocato
1147 672 1219 720 esse
1236 657 1277 720 de
1293 656 1429 722 Graecis

247 757 463 824 concludatur
478 776 519 822 ex
534 755 776 840 interpretandi
791 755 905 822 ordine
918 756 950 841 ¹),
973 775 1046 822 curn
1069 758 1109 824 de
1123 757 1280 823 Romanis
1295 763 1429 839 praeter

247 860 437 926 Ciceronem
448 859 473 944 o)
501 859 666 940 expressis
696 859 807 925 verbis
830 859 889 924 hoc
919 859 1048 925 Plinius
1078 858 1181 925 maior
1211 860 1429 946 tradiderit³³>

248 963 390 1029 Accedit
419 964 505 1043 quod
535 961 627 1027 iecur
655 961 849 1045 sanguinem
878 979 1006 1042 qnoque
1033 961 1068 1027 in
1096 979 1131 1028 se
1152 963 1271 1044 recipit
1303 963 1362 1047 ito,
1391 968 1429 1030 ut

247 1065 404 1131 facillime
420 1065 484 1130 sibi
506 1064 635 1148 fingant
649 1063 796 1130 homines
813 1065 1017 1130 anatomicae
1036 1064 1119 1131 artis
1134 1065 1290 1148 imperiti,
1313 1066 1348 1130 in
1370 1066 1427 1133 illo

248 1168 388 1234 maximo
411 1167 538 1233 viscere
568 1167 762 1249 sanguinem
791 1166 1086 1249 praeparariue.
1115 1167 1193 1233 inde
1222 1168 1327 1234 vitem
1355 1187 1428 1250 pro-

248 1270 359 1336 ficisci.
403 1270 471 1336 Ubi
493 1273 603 1336 autem
625 1270 717 1336 iecur
746 1271 841 1334 sedes
863 1269 1051 1336 habebatur
1072 1269 1173 1352 vitae,
1202 1269 1249 1337 ibi
1271 1271 1306 1336 in
1328 1270 1428 1336 seori-

248 1372 331 1439 liciis
354 1391 510 1439 summam
533 1371 662 1454 occepit
683 1371 760 1438 vim.
803 1372 897 1454 Nem,
920 1377 958 1437 ut
979 1373 1041 1438 hec
1064 1391 1099 1438 re
1128 1377 1304 1454 perspecto
1334 1391 1428 1454 prae-

249 1475 453 1542 stantissimo
484 1480 558 1541 eret
579 1475 735 1542 victimae
763 1493 848 1557 pers,
879 1475 950 1540 siue
980 1474 1077 1540 dubio
1106 1474 1171 1540 iem
1200 1474 1427 1542 remotissimis

248 1578 450 1660 temporibus
473 1583 508 1644 et
530 1597 551 1643 a
573 1577 747 1644 rudissimo
770 1595 898 1658 quoque
928 1577 1046 1660 populo
1075 1576 1145 1644 deis
1180 1579 1427 1660 concedebatur,

249 1682 336 1747 unde
355 1680 454 1746 lluxit
469 1680 689 1747 Romanorum
711 1680 794 1746 illud
818 1685 888 1744 ecto
909 1679 1035 1743 reddere
1051 1699 1093 1746 sc.
1109 1681 1180 1746 deis
1202 1699 1263 1747 sna
1282 1682 1427 1747 reddere.

248 1783 319 1848 Iam
349 1801 413 1849 non
443 1789 494 1849 est
522 1783 682 1866 mirabile,
712 1785 796 1864 quod
825 1783 964 1865 primum
993 1783 1103 1864 iecori,
1129 1783 1248 1849 deinde
1278 1783 1364 1850 extis
1392 1783 1428 1850 in

248 1886 437 1954 universum
460 1885 513 1952 vis
528 1888 689 1966 quaedem
711 1885 959 1952 attribuebatur
974 1886 1097 1968 divina,
1120 1887 1271 1968 quonism
1295 1888 1427 1954 deorum

247 1992 351 2054 erant.
395 1989 445 2053 Ac
460 2005 580 2054 revere
600 1989 749 2055 videmus
764 1987 855 2052 vitae
870 1988 946 2052 illas
969 1989 1072 2070 sedes
1094 1989 1247 2069 quoniam
1264 1989 1333 2055 deis
1349 1995 1426 2056 sunt

247 2094 409 2172 secretae,
439 2089 511 2156 sive
533 2095 611 2155 exte
634 2089 706 2156 sive
728 2089 821 2154 aliud
843 2088 921 2169 quid
944 2095 1003 2172 est,
1025 2092 1112 2171 apud
1141 2109 1254 2172 magos
1285 2091 1425 2158 omnium

245 2193 416 2259 notionum
438 2192 612 2274 plurimum
627 2191 773 2259 voluisse
793 2197 827 2258 et
848 2193 955 2258 adbuc
970 2192 1120 2276 valere.⁴)
1164 2194 1258 2259 Nunc
1272 2193 1338 2259 iem
1352 2213 1423 2276 per-

245 2295 385 2377 spicitur
399 2296 459 2361 boc
475 2315 611 2379 quoque,
627 2315 685 2362 cur
699 2297 741 2362 ed
758 2299 835 2360 exta
852 2295 924 2377 ipso
941 2294 1131 2362 adhaeserit
1142 2314 1319 2379 successus,
1331 2315 1425 2377 quem

245 2399 466 2480 promiserunt
507 2399 721 2483 extispicosll
750 2399 816 2482 ito,
852 2403 891 2465 ut
924 2399 1090 2480 haruspex
1122 2399 1233 2465 Sullae
1264 2401 1425 2480 quondam

246 2503 429 2585 mandaret,
452 2507 491 2567 ut
512 2501 696 2568 lectissimo
719 2507 797 2568 exta
820 2503 1042 2585 comederet.)

334 2620 397 2684 Sed
420 2621 503 2685 haec
522 2639 598 2702 unc,
621 2640 719 2702 quam
741 2622 848 2687 adhuc
870 2621 1074 2703 protulimus,
1097 2639 1196 2686 cause
1217 2640 1282 2686 non
1304 2621 1426 2688 sufficit

248 2723 290 2788 ed
305 2721 494 2789 solvendam
517 2723 741 2804 quaestionem
756 2724 850 2790 nobis
865 2723 1075 2805 propositam.
1118 2723 1186 2788 Nec
1201 2727 1312 2789 temen
1335 2729 1425 2791 recte

246 2843 299 2890 res
322 2825 509 2907 explicetur
534 2825 586 2891 bis
609 2825 787 2891 Deeckii
816 2823 973 2911 verbis⁷):
1001 2825 1123 2889 Feroer
1150 2829 1248 2908 wolde
1277 2847 1351 2891 mon
1377 2827 1423 2892 be-

247 2929 323 2992 reits
351 2929 395 2991 im
418 2929 585 3011 Alienum,
615 2927 679 3010 dud
704 2926 754 2991 die
775 2927 870 2992 Leber
891 2927 973 2992 Bou
1001 2927 1069 2992 mod
1091 2927 1183 2994 Galle
1211 2930 1338 3006 bereitet,
1366 2949 1425 2994 oon

247 3029 346 3094 denec
375 3051 450 3094 mou
479 3029 529 3094 die
558 3031 807 3112 Temperomeote
834 3031 999 3115 hericium,
1026 3031 1094 3095 uoci
1125 3031 1229 3096 sucbte
1257 3032 1353 3096 deber
1389 3034 1424 3096 in
1487 3041 1493 3058 ⁸

223 3131 298 3195 -ibr
330 3130 390 3196 den
426 3132 590 3215 Ursproop
620 3131 687 3196 und
714 3133 782 3198 Sile
811 3134 866 3198 der
902 3133 1050 3218 Gefcoc,
1079 3133 1263 3217 betereo,
1293 3134 1423 3199 Leiden-

245 3233 396 3318 sebaften‚
423 3235 465 3316 je
493 3234 546 3300 des
575 3256 697 3318 pomaeo
732 3235 919 3301 Cborolders
951 3235 1018 3300 cod
1049 3235 1149 3299 domii
1181 3237 1270 3300 muco
1299 3235 1423 3318 Haupt

246 3337 569 3420 bestimmompsymmd
589 3338 643 3403 des
666 3359 700 3402 oo
722 3339 768 3421 oft
788 3359 847 3403 ooo
868 3337 979 3402 diesem
1001 3337 1222 3420 abhdopeodeo
1243 3338 1421 3405 sollemnis.

246 3439 330 3505 Nom
354 3440 483 3507 etiamsi
504 3441 565 3508 hoc
586 3441 731 3525 Graecis,
763 3442 842 3524 quin
867 3441 966 3507 etiem
988 3440 1141 3507 Etruscis
1165 3445 1423 3526 concederemus,

245 3547 357 3608 temen
386 3545 445 3609 hoc
478 3545 570 3609 modo
600 3544 697 3626 plane
727 3563 791 3610 nou
820 3543 1036 3628 intellegitur,
1064 3546 1220 3626 quomodo
1255 3545 1422 3612 exstiterit

246 3645 358 3710 eedem
376 3664 431 3710 ars
447 3647 535 3726 apud
546 3647 680 3728 populos
695 3645 769 3713 illos
782 3652 872 3713 certe
884 3647 977 3713 nullu
988 3646 1161 3729 disciplina
1172 3648 1357 3714 anatomica
1368 3649 1423 3715 vel

333 3851 352 3918 1)
370 3850 456 3905 Schol.
475 3850 612 3920 Aristoph.
630 3853 712 3920 Vesp.
730 3851 779 3906 831
799 3851 878 3920 (827).

331 3937 353 4004 ’1)
371 3935 404 3990 do
422 3936 477 3990 div.
496 3936 584 3992 1129.
753 3936 773 4006 ι)
792 3938 824 3992 N.
843 3938 877 3991 Η.
896 3938 937 3990 XI
955 3936 1012 3990 186.

330 4021 353 4088 ⁴)
371 4021 439 4076 Pliu.
453 4021 486 4075 N.
498 4021 533 4074 Η.
545 4021 624 4076 XXX
637 4022 682 4090 19;
703 4022 997 4090 Wuttkelleyer,
1016 4020 1168 4076 Deutscber
1184 4019 1423 4091 Volcaberplaobe

245 4108 279 4176 ἐξ
297 4106 356 4173 170,
374 4107 433 4176 468,
450 4105 515 4174 6063
534 4107 737 4175 Wlislocki,
766 4107 940 4177 Vollcsplacbe
956 4125 984 4160 u.
1002 4107 1078 4177 reliq.
1096 4105 1211 4160 Breuci
1228 4105 1276 4159 der
1288 4106 1424 4176 Zipmooer

245 4209 271 4262 p.
289 4192 331 4261 53,
349 4209 376 4262 p.
395 4193 427 4245 77
446 4193 481 4246 sl.
637 4191 658 4261 ⁶)
677 4193 737 4247 Liv.
756 4193 840 4261 V21;
860 4192 936 4248 Suet.
955 4193 1017 4248 Div.
1036 4193 1109 4261 Aug.
1124 4192 1167 4246 96.

332 4279 353 4344 ⁶)
371 4279 443 4348 Aug.
462 4279 495 4333 de
512 4277 564 4333 civ.
582 4278 626 4333 dei
644 4278 732 4331 1124.
768 4278 807 4332 cf.
827 4279 859 4334 A.
877 4279 1074 4346 Dietericb,
1094 4278 1167 4332 Dine
1185 4276 1424 4348 Mitlraotttoryie

245 4380 271 4432 p.
291 4363 342 4418 100
351 4379 424 4432 seqq.
582 4363 602 4432 e)
620 4363 639 4418 l.
657 4365 674 4418 l.
693 4379 718 4432 p.
737 4363 779 4419 80.
