3492 5092
662 340 704 394 De
721 339 862 408 extispicio
880 339 971 409 capita
988 339 1043 395 tria

342 507 458 594 όοχή·
481 517 657 594 σημεῖον
679 503 720 570 ἐν
741 511 901 594 θυτικῇ.

341 610 509 693 δεσμόν·
631 621 806 696 σημεῖον
827 611 940 695 παρὰ
961 621 1053 688 τοῖς
1072 613 1232 688 θόταις.

343 713 541 798 όίοτττρά·
564 711 777 797 γεωμετρικὸν
792 711 926 798 όργανον
941 713 995 778 καὶ
1018 725 1190 800 σημεῖον
1211 714 1251 779 ἐν
1272 717 1433 800 θυτικῇ.

341 815 606 901 όιόσκουροι·
631 815 767 878 ...καὶ
789 825 963 902 σημεῖον
985 811 1024 880 ἒν
1045 819 1205 902 θυτικῇ.

341 917 488 1003 διψάς·
514 914 589 1001 ἔχις,
610 915 701 1000 όόρα.
730 917 786 981 καὶ
809 929 940 1005 σημεῖον
961 913 993 982 ἐν
1014 920 1130 1004 θυτικῇ
1154 914 1208 983 ἐπὶ
1230 931 1287 984 τοῦ
1300 920 1433 1008 ἥπατος.

341 1016 478 1106 ἒμμόη·
501 1020 607 1104 γάμου
630 1018 805 1106 ἀπογραφὴ
826 1021 881 1084 καὶ
904 1030 1078 1106 σημεῖον
1099 1015 1139 1086 ἐν
1159 1024 1322 1108 θυτικῇ.

342 1123 467 1188 δόλου
485 1121 691 1208 τράπεζα·
714 1121 772 1187 ἐντὶ
792 1134 849 1186 τοῦ
869 1123 992 1209 ἥπατος
1015 1134 1145 1209 σημεῖον
1166 1123 1201 1188 ἒν
1221 1128 1346 1212 θυτικῇ.

341 1221 537 1301 ἒπίθεος·
560 1235 738 1311 σημεῖον
760 1224 801 1288 ἐν
821 1228 981 1310 θυτικῇ.

340 1327 458 1406 θεός·
482 1337 613 1415 σημεῖον
637 1376 643 1388 .
664 1375 696 1389 ..

341 1426 515 1514 ἒπελοβί
522 1451 552 1508 ς·
575 1435 674 1516 μέρος
694 1441 750 1494 τοῦ
770 1429 901 1515 ἥπατος.

342 1531 483 1610 ἑστίας
505 1544 655 1619 χῶρος·
689 1537 905 1618 μέροςτοῦ
933 1533 1094 1620 ἥπατος
1123 1529 1163 1598 ἐν
1183 1537 1347 1621 θυτικῇ.

340 1647 492 1701 κανεῖν·
513 1639 652 1712 κτείνειν,
676 1633 803 1720 ἀνελεῖν,
826 1635 905 1700 ὅθεν
925 1636 962 1700 τὸ
977 1648 1126 1703 κανοῦν
1148 1637 1229 1701 ἀπὸ
1251 1649 1328 1704 τῶν
1350 1661 1432 1703 και-

458 1743 642 1820 νομένων
664 1737 838 1822 ἱερείων.

340 1841 539 1928 κωλυτής·
563 1841 734 1928 σημεῖόν
755 1865 794 1905 τι
817 1836 856 1904 ἓν
876 1844 1038 1927 θυτικῇ.

339 1943 546 2027 τιοταμός·
653 1941 725 2008 ἐπὶ
746 1954 817 2007 τοῦ
838 1943 998 2029 ἥπατος
1019 1957 1201 2031 σημεῖον.

339 2050 488 2132 τάφος·
512 2056 694 2133 σημεῖον.
707 2047 732 2132 1)

339 2149 477 2234 λοβοί·
499 2148 539 2213 τὰ
561 2149 644 2234 όκρα
665 2150 852 2212 πάντα...
883 2148 938 2212 καὶ
961 2159 1135 2234 σημεῖον
1157 2147 1198 2213 ἐν
1217 2161 1271 2234 τῷ
1293 2149 1430 2236 ἥπατι.

340 2287 559 2370 Theophil.
582 2288 777 2369 Protosp.
800 2289 841 2353 de
863 2287 990 2354 fabrica
1012 2287 1097 2353 hum.
1120 2306 1204 2370 corp.
1227 2287 1262 2354 Π
1278 2289 1318 2354 13
1332 2289 1375 2370 (p.
1390 2291 1430 2355 81

255 2393 305 2458 ed.
321 2389 528 2476 Greenhill.):
556 2387 791 2454 Ἐνόέόυται
821 2387 864 2452 δὲ
891 2387 934 2454 τὸ
957 2385 1066 2474 ἧπαρ
1086 2389 1159 2466 τὰς
1180 2389 1251 2473 μὲν
1273 2390 1433 2475 φλέβας

255 2491 309 2557 καί
323 2491 381 2568 τὰς
395 2491 546 2579 ἀρτηρίας
561 2491 686 2555 ἄνωθέν
696 2514 730 2554 τε
740 2491 796 2556 καὶ
806 2493 965 2565 κάτωθεν,
977 2489 1101 2570 ἔξωθεν
1116 2491 1152 2557 δὲ
1169 2492 1205 2556 τὸ
1220 2493 1432 2578 περιτόναιον,

255 2595 505 2678 σχιζόμενον
527 2593 587 2670 εἰς
608 2593 764 2677 λοβοὺς
784 2600 998 2680 τέσσαρας.
1021 2597 1139 2672 καίτις
1157 2593 1235 2680 ἀνὴρ
1249 2607 1314 2659 τῶν
1327 2599 1433 2683 μαθη-

255 2709 397 2779 μανικῶν
434 2696 551 2784 ἰατρῶν
586 2707 679 2774 τοῖς
714 2697 860 2781 λοβοῖς
897 2695 1082 2779 ὀνόματα
1118 2698 1433 2785 προσηγόρευσε

254 2811 395 2866 ταῦταε
417 2799 622 2887 τράπεζα,
646 2799 779 2872 ἑστία,
803 2802 1007 2886 μάχαιρα,
1029 2800 1099 2864 καλ
1120 2799 1324 2887 ηνίσχοςό)

339 2937 537 3005 SuidaSS.
553 2957 598 3005 v.:
621 2936 1161 3021 Ἧιταρκαὶηιτατοσκοιτία,
1183 2936 1278 3021 ἡτῶν
1292 2935 1433 3022 ἑγκότων

257 3037 394 3122 ἀνατομὴ
428 3038 471 3104 δι’
500 3035 545 3103 ὧν
566 3041 762 3126 προεμήνυον
793 3039 834 3103 τὰ
867 3039 1102 3127 συμβησόμενα.
1126 3037 1349 3123 ἀνατέμνοντες
1370 3041 1431 3126 γὰρ

258 3144 373 3229 σημεῖά
393 3165 463 3206 τινα
485 3140 648 3230 ἐθεώρουν
670 3139 702 3207 ἒν
723 3153 792 3218 τοῖς
813 3139 967 3227 ἐγκότοις.

828 3469 857 3533 Β

357 3621 633 3688 TESTIMONIA
657 3621 789 3688 RITUS
811 3620 1002 3688 ETRUSOI
1025 3621 1126 3688 SIVE
1153 3620 1328 3687 ROMANI

337 3792 548 3875 Liv.1142‚
572 3793 628 3859 10:
657 3792 789 3858 Vates
821 3793 985 3858 canebant
1007 3789 1180 3872 publice
1203 3789 1430 3872 privatim-

254 3911 345 3980 que,
367 3913 478 3962 nunc
500 3895 612 3961 extis
634 3912 742 3961 nunc
764 3914 837 3976 per
863 3913 963 3961 aves
984 3893 1182 3961 consulti.

340 4064 361 4134 ¹)
378 4064 592 4119 Photiuslex.
605 4081 631 4132 p.
650 4065 708 4133 571,
727 4064 774 4118 24:
792 4061 899 4133 τάφον
917 4103 923 4116 .
938 4106 964 4119 .,
983 4066 1027 4115 καὶ
1044 4059 1083 4115 τὸ
1101 4061 1193 4132 παρὰ
1210 4075 1283 4117 τοις
1301 4061 1431 4116 &irate

253 4162 406 4216 σημεῖον.

337 4235 359 4305 ⁹)
376 4235 504 4292 Fortasse
522 4236 557 4291 ad
579 4233 690 4302 ἡνίοχον
706 4235 842 4291 referatur
860 4235 930 4304 quod
948 4235 1020 4304 apud
1037 4234 1204 4303 Hesychium
1228 4233 1345 4304 legimus
1363 4250 1384 4288 ε.
1405 4251 1429 4288 v.

252 4321 331 4390 ῥντόι
349 4319 409 4390 ἱερὰ
426 4319 461 4374 τὰ
478 4319 668 4386 ἡπατόσκοπιι,
683 4318 747 4386 ἢτὰ
765 4317 885 4391 ίλκνστά,
903 4321 962 4376 coll.
980 4336 1006 4376 v.
1024 4318 1119 4391 ῥυτῆρι
1138 4318 1224 4386 ἡνίαν.
