3492 5092
382 395 445 460 202
847 390 980 462 Georgius
998 391 1112 446 Blocher
1508 391 1563 480 [32

381 565 471 632 niam
494 565 692 632 Graecorum
715 564 812 646 signa
833 567 967 646 propter
989 561 1219 628 similitudines
1242 564 1400 644 quasdam
1412 563 1436 648 ¹)
1459 563 1558 630 nomi-

381 673 509 734 nantur
524 667 586 750 ite,
606 671 645 733 ut
667 666 767 733 etiam
789 666 824 732 in
848 665 1065 748 divinatione,
1088 684 1172 746 quae
1194 664 1360 747 ,originem
1388 665 1495 732 trahit
1521 685 1562 732 ex

384 770 539 853 scapulis,
561 770 763 836 occurrerint
784 769 837 834 bis
859 767 1068 852 simillimc.²)

468 873 533 940 Sed
559 891 600 938 ea
626 891 722 954 quam
747 871 800 938 his
823 871 1027 954 argumentis
1056 872 1283 936 demonstrare
1308 870 1420 936 conati
1447 889 1558 938 sumus

383 975 565 1059 sententia,
588 994 704 1056 nempe
725 975 814 1040 haud
835 973 988 1055 exiguum
1021 973 1181 1040 interesse
1203 977 1238 1038 et
1259 973 1348 1039 inter
1362 973 1560 1040 Graecorum

382 1080 664 1158 Romanorumque
691 1076 901 1158 extispicium
924 1081 959 1142 et
983 1076 1071 1142 inter
1094 1076 1273 1142 incolarum
1299 1075 1437 1142 orientis
1467 1077 1560 1159 ritus,

384 1181 551 1248 Ciceronis
573 1180 762 1246 testimonio
784 1179 1016 1261 quamoptime
1032 1180 1267 1260 comprobatur.
1311 1179 1452 1260 Scripsit
1472 1179 1558 1246 enim

384 1285 437 1350 vir
458 1285 522 1350 bac
549 1284 585 1348 in
614 1302 651 1349 re
674 1281 807 1367 egregie
829 1281 1034 1367 versatusil:
1064 1284 1121 1346 Aa
1148 1281 1222 1345 hooc
1252 1281 1307 1366 (sc.
1332 1282 1560 1363 interpretandi

383 1388 520 1470 reputas)
552 1387 634 1450 r‘rrter
660 1405 693 1450 se
712 1385 890 1466 horuspices
911 1384 1040 1448 Etrusci
1061 1384 1132 1448 Ettr'
1151 1385 1298 1466 Aepyptr'r'
1325 1383 1427 1448 Poeni
1455 1390 1559 1449 coatu-

385 1489 513 1554 lerunt?
555 1492 602 1553 At
622 1488 657 1552 et
667 1487 982 1570 praeterquamquod
1000 1488 1071 1568 picot
1089 1507 1153 1552 aba
1162 1489 1272 1569 potuit,
1296 1508 1334 1551 oc
1345 1488 1426 1570 {tropi
1439 1487 1560 1568 quidem

382 1598 490 1675 potest.
545 1593 663 1656 Altos
697 1593 801 1654 euim
834 1591 916 1654 atio
949 1611 1053 1654 more
1087 1590 1267 1654 videmus
1301 1595 1393 1654 exta
1426 1593 1561 1656 trotar-

381 1697 635 1776 proterrere
657 1714 881 1758 essetecum
904 1695 1078 1758 omniurn
1101 1693 1408 1777 disciplinam)

470 1797 562 1863 Fieri
584 1796 689 1880 igitur
710 1816 775 1864 non
796 1801 913 1879 potest,
936 1802 982 1879 ut,
1005 1796 1062 1877 qui
1084 1799 1165 1862 haec
1194 1795 1302 1863 omnia
1323 1795 1456 1877 penitus
1489 1815 1561 1878 per-

385 1899 538 1983 spexerit,
562 1899 744 1966 Deeckio
759 1918 854 1981 porro
870 1901 1027 1965 concedat
1039 1904 1073 1966 et
1084 1899 1283 1966 Graecorum
1296 1906 1330 1964 et
1340 1900 1558 1964 Romanorum

385 2002 593 2085 extispicium
621 2004 718 2084 plane
752 2001 841 2068 inter
862 2022 898 2068 se
938 2003 1143 2084 conspirasse
1176 2007 1210 2067 et
1243 2021 1261 2067 e
1293 2003 1484 2083 populorum
1518 2004 1560 2067 ad

385 2105 543 2172 orientem
580 2107 717 2172 sitorum
746 2105 814 2171 ritu
843 2111 1017 2187 utrumque
1046 2105 1189 2171 fluxisse.
1239 2105 1355 2187 Immo,
1380 2108 1419 2170 ut
1446 2103 1560 2185 paucis

385 2209 497 2277 verbis
520 2228 589 2274 rem
612 2209 929 2291 comprehendamus,
953 2210 1038 2289 apud
1055 2208 1196 2274 Graecos
1219 2208 1347 2273 omniuo
1369 2207 1437 2272 alia
1460 2211 1561 2288 atque

386 2314 475 2394 apud
487 2312 650 2378 Romanos
666 2313 821 2377 exstabat
835 2311 921 2376 ratio
936 2316 1015 2377 exta
1030 2310 1281 2393 interpretandi.
1325 2310 1452 2393 Graeci,
1475 2311 1562 2391 quod

385 2415 420 2479 in
443 2414 551 2495 capite
573 2414 627 2478 III
649 2413 834 2479 accuratius
858 2413 1040 2495 exposituri
1068 2433 1188 2497 sumna,
1221 2432 1280 2495 per
1316 2411 1561 2480 similitudinem

386 2518 549 2597 quandam
572 2516 795 2597 explanabunt
817 2516 913 2598 signa
927 2517 961 2599 ⁵),
984 2535 1056 2582 oum
1081 2519 1170 2598 apud
1192 2517 1353 2582 Romanos
1382 2515 1559 2598 provincia,

386 2622 426 2684 ut
446 2617 496 2684 ita
519 2617 672 2700 dicamus,
695 2637 779 2699 quae
801 2637 860 2700 pro
884 2617 937 2684 dei
960 2618 1013 2684 cui
1039 2618 1287 2686 attribuebatur
1305 2618 1398 2701 signo
1415 2619 1559 2698 cedebat,

385 2721 630 2803 interpretandi
645 2722 821 2802 praeberet
836 2741 958 2788 ansam.
1003 2721 1221 2788 Nihilominus
1236 2725 1371 2802 praeter
1385 2722 1447 2787 has
1470 2720 1560 2787 diffe-

386 2823 511 2890 rentias
526 2829 659 2890 exstare
674 2823 822 2905 potuisse
833 2826 1014 2906 permultas
1029 2830 1129 2905 atque
1144 2825 1303 2890 maximas
1330 2824 1561 2890 similitudines

387 2925 459 3007 quis
482 2936 540 3010 est,
563 2927 619 3008 qui
641 2926 786 3010 negabit,
806 2927 1002 3009 praesertim
1025 2947 1097 2994 cum
1119 2926 1153 2992 in
1178 2928 1309 2993 deorum
1332 2926 1438 3009 signis
1457 2926 1559 2992 inter-

386 3029 555 3109 pretandis
586 3047 768 3094 communes
797 3031 954 3109 quaedam
992 3047 1112 3095 causae
1142 3035 1242 3110 atque
1273 3028 1441 3110 opiniones
1472 3031 1560 3110 apud

386 3150 497 3198 omnes
527 3130 596 3197 fere
625 3130 776 3198 nationes
800 3131 1050 3217 exstiterint?⁰)
1101 3131 1136 3197 Si
1165 3149 1243 3198 vero
1271 3136 1461 3213 reputamus
1490 3150 1561 3198 cum

387 3233 625 3314 antiquissimis
647 3233 848 3315 temporibus
869 3235 1022 3300 nationes
1044 3235 1175 3317 multae,
1200 3235 1281 3301 licet
1302 3233 1446 3300 moribus
1464 3235 1562 3318 longe

386 3335 536 3417 dispares
551 3337 683 3420 fuerint,
699 3335 909 3418 extispicium
924 3335 1122 3419 adhibuisse,
1141 3343 1211 3402 tum
1226 3342 1340 3404 nostra
1360 3337 1434 3418 ipsa
1449 3341 1559 3404 aetate

386 3537 487 3574 curua
504 3537 628 3575 ocdoada
639 3523 985 3592 mooumeatBobplorrr'err,
1003 3523 1106 3578 Grecos
1119 3523 1185 3576 1901
1204 3540 1229 3592 p.
1249 3523 1281 3575 12
1299 3524 1391 3578 adnot.
1403 3524 1427 3577 2.
1463 3522 1562 3578 Videas

387 3611 528 3676 praeterea
551 3607 670 3661 Caroli
696 3609 824 3662 Bezold
842 3609 876 3662 de
893 3609 1102 3677 Babyloniorum
1127 3607 1267 3676 extispicio
1291 3609 1508 3677 supplementum
1534 3609 1562 3661 in

387 3693 459 3746 calce
477 3692 558 3746 huius
575 3692 661 3747 libelli
679 3693 810 3748 additum.

472 3777 494 3846 ¹¹)
512 3778 544 3832 V.
564 3794 646 3846 supra
663 3794 689 3846 p.
708 3778 742 3832 28
760 3779 821 3833 adn.
839 3779 869 3847 2;
887 3796 913 3848 p.
932 3779 973 3834 62.

475 3863 497 3931 ⁹)
518 3864 547 3918 V.
565 3863 638 3918 inira
655 3880 680 3932 p.
698 3863 733 3916 55
751 3865 842 3918 adnot.
861 3865 885 3918 1.
986 3865 1007 3934 ⁸)
1025 3865 1065 3918 De
1084 3865 1137 3919 div.
1155 3866 1185 3918 II
1203 3864 1245 3918 28.

473 3948 495 4016 ⁴)
513 3948 571 4016 Quo
588 3949 648 4004 iure
670 3949 845 4004 Deeclrius
863 3949 925 4004 Etr.
944 3949 995 4004 no.
1013 3950 1039 4005 V
1059 3967 1085 4018 p.
1105 3950 1138 4003 79
1161 3950 1252 4004 adnot.
1270 3950 1320 4003 277
1345 3949 1459 4005 dixerit:
1483 3948 1562 4003 Nocb

387 4033 440 4088 Cic.
459 4034 492 4087 de
509 4033 564 4087 div.
582 4034 664 4101 1112,
683 4033 717 4087 28
734 4034 829 4088 blittero
854 4033 897 4088 dic
913 4022 1034 4105 Zpyptcr
1051 4034 1108 4089 aad
1126 4034 1274 4088 Pb'o'rrirr'er
1288 4035 1464 4103 Haruspior'a
1479 4033 1562 4105 pedbt

387 4117 446 4172 cmo
462 4118 494 4172 iro
512 4118 592 4172 ibren
608 4119 776 4189 Deuterrpcrt
793 4119 949 4174 rocaeatlr'eb·
962 4120 1016 4174 mit
1036 4119 1170 4174 dorotea
1187 4118 1246 4173 und
1265 4119 1422 4174 Etruslcera
1439 4119 1563 4174 abacis·

386 4203 527 4272 pesttmmt
543 4219 590 4258 nos
609 4204 717 4270 quidem
735 4205 843 4260 omnino
860 4222 914 4261 non
932 4204 1127 4274 intellegimus.

474 4289 495 4355 ⁶)
514 4289 554 4344 bf.
572 4289 682 4344 nomine
700 4290 733 4344 ab
751 4291 885 4359 Hesychio
902 4292 1016 4346 laudata
1034 4306 1116 4360 supra
1134 4306 1160 4359 p.
1180 4289 1278 4358 10seq.

477 4373 498 4444 θ)
517 4374 577 4442 Qua
593 4374 627 4428 de
645 4390 674 4429 re
692 4375 780 4430 fusius
797 4391 911 4444 egemus
928 4376 1000 4431 inira
1017 4376 1046 4430 in
1063 4375 1152 4446 capite
1170 4375 1222 4429 III.
