3492 5092
333 365 396 432 228
790 361 924 431 Georgius
941 362 1054 418 Blecher
1455 365 1510 452 [58

334 537 377 601 ed
406 534 614 618 extispicium
643 533 864 618 prodigiorum
901 552 994 600 usum
1031 534 1245 618 observandi,
1282 534 1339 602 ubi
1371 535 1508 618 primum

332 643 479 705 extorum
514 637 611 720 signa
643 637 678 702 in
712 636 932 720 prodigiorum
962 655 1096 703 numero
1129 636 1245 704 haberi
1278 643 1396 721 coeptu
1424 646 1509 706 sunl.

331 741 425 824 Quod
440 739 533 805 nobis
548 759 612 806 uno
628 740 756 820 quidem
770 742 829 806 sed
843 739 1038 822 gravissimo
1050 739 1238 806 testimonio
1250 742 1509 808 demonstratur:

331 843 438 909 iecore
460 843 517 908 illo
543 861 653 922 aeneo,
683 844 769 924 quod
790 847 829 908 ut
851 842 1033 908 Deeckii
1055 843 1159 925 ipsius
1181 841 1293 909 verbis
1304 844 1330 928 1)
1352 849 1428 910 utar
1452 864 1509 912 ex-

332 945 424 1012 hibet
451 945 510 1009 dos
536 945 663 1010 Schema
685 945 738 1009 des
760 945 946 1028 Templum,
974 944 1048 1008 uber
1075 945 1189 1009 alchi
1213 947 1256 1009 ic
1284 947 1420 1010 seiher
1438 967 1508 1011 αν-

329 1048 858 1131 sprhcplt'chenldcc‘ahcil,
879 1047 1059 1112 sonuere
1078 1049 1155 1129 cof
1173 1048 1507 1114 dieLeberiiher-

331 1157 491 1235 tropea,
521 1172 585 1215 was
608 1151 692 1215 alebi
711 1151 786 1214 chao
803 1152 926 1232 percusse
952 1151 1151 1215 Variatc'caec
1172 1151 1239 1215 aad
1261 1153 1509 1236 Abwec'chuotpca

331 1253 469 1318 ιῖιαῖιὸαν
489 1257 537 1319 aa.

416 1357 662 1442 Quaerentibus
692 1376 803 1438 porro,
834 1357 949 1423 curin
978 1357 1085 1424 iecore
1114 1363 1193 1423 ante
1223 1358 1332 1423 omnia
1372 1361 1509 1443 τρίπους

330 1469 482 1545 μαντικῆς
492 1461 516 1546 ⁹)
538 1460 649 1544 fuerit,
671 1460 900 1540 primumcum
922 1459 1145 1544 Deeckio⁸)
1168 1460 1343 1526 statuimus
1366 1480 1507 1544 causum,

331 1567 417 1645 quod
447 1563 537 1629 vitae
568 1565 663 1628 sedes
689 1563 877 1629 habebatur
910 1564 1001 1629 iecur
1034 1566 1075 1630 ab
1109 1563 1265 1645 antiquis.
1320 1565 1391 1629 Iam
1421 1565 1508 1646 apud

330 1667 506 1732 Homerum
529 1667 645 1732 heroes
667 1666 775 1731 iecore
797 1685 862 1731 non
885 1669 981 1732 corde
998 1665 1065 1732 icto
1087 1666 1228 1732 animam
1244 1667 1424 1748 exspirant.
1468 1667 1509 1732 In

330 1769 475 1834 eiusdem
499 1768 698 1834 carminibus
729 1770 841 1835 eodem
870 1787 969 1835 sensu
998 1763 1087 1853 ἧπαρ
1108 1773 1289 1851 usurpatur
1317 1773 1418 1849 utque
1447 1788 1507 1835 nos

331 1872 440 1938 dicere
463 1872 602 1938 solemus
623 1871 716 1954 Herc,
735 1872 873 1956 labem)
910 1872 1001 1938 Idem
1024 1873 1161 1939 verbum
1184 1871 1283 1938 simili
1304 1871 1433 1945 ratione
1448 1874 1505 1938 ad·

330 1974 470 2041 bibitum
493 1975 637 2040 occurrit
652 1976 739 2057 apud
753 1975 898 2058 tragicos
913 1981 1036 2056 poetas
1080 1977 1190 2040 Mater
1204 1971 1257 2060 ὑφ’
1273 1973 1397 2059 ἥπατος
1412 1977 1507 2060 φέρει

328 2079 479 2164 saecul)
537 2078 706 2145 Acerrimo
743 2079 853 2146 dolore
893 2097 958 2144 non
995 2097 1050 2144 oor
1091 2081 1148 2144 sed
1189 2079 1280 2144 iecur
1316 2077 1507 2161 afficitur.⁸)

328 2181 503 2247 Plutarchi
526 2200 652 2262 quoque
681 2183 745 2248 huc
767 2181 887 2248 referri
916 2186 1054 2262 possunt
1076 2183 1181 2248 verba
1200 2181 1296 2246 haec:
1318 2190 1382 2243 τῶν
1410 2197 1506 2265 arpeo-

329 2287 430 2366 βαιών
458 2283 477 2366 ἡ
505 2285 582 2370 περὶ
610 2283 646 2348 τὸ
679 2279 767 2369 ἧπαρ
798 2282 877 2369 ἀρχὴ
913 2295 969 2347 τοῦ
998 2279 1233 2369 ἐπιθυμητικοῦ
1261 2285 1508 2366 κατασβέννυται

328 2386 384 2449 καὶ
405 2389 545 2470 γίγνεται
573 2387 671 2472 μικρὰ
699 2387 754 2450 καὶ
777 2385 952 2473 dederim
1003 2388 1049 2453 Et
1072 2387 1236 2453 Aretaeus
1258 2387 1402 2452 medicus
1424 2386 1507 2451 haec

329 2489 496 2570 exposuit:
519 2485 586 2552 ἔστι
608 2489 668 2574 γὰρ
690 2488 826 2572 αἵματος
847 2490 954 2572 πάγος
975 2488 1011 2553 τὸ
1031 2488 1184 2553 πλεῖστον
1203 2483 1301 2573 ἧπαρ,
1313 2487 1337 2574 ⁸)
1381 2487 1505 2554 Eodem

329 2594 422 2658 modo
451 2611 505 2658 res
534 2612 570 2658 se
603 2595 706 2659 habet
732 2596 821 2675 apud
850 2594 1050 2679 Romanos⁹l
1105 2594 1215 2674 Atque
1253 2592 1355 2658 etiam
1388 2595 1506 2673 quarto

329 2715 359 2776 p.
382 2696 456 2761 Chr.
478 2716 509 2762 n.
531 2699 661 2762 saeculo
685 2703 825 2762 exeunte
848 2697 883 2762 in
899 2696 1115 2763 derisionibus
1137 2714 1222 2776 quae
1245 2695 1402 2760 dicuntur
1420 2695 1507 2757 icccc

329 2798 442 2881 hostis,
472 2804 510 2864 ut
532 2804 605 2864 erat
627 2798 718 2866 vitae
741 2801 851 2883 eadee,
881 2805 958 2866 ante
988 2799 1096 2864 omnia
1124 2800 1277 2865 devotum
1300 2795 1505 2879 videmus.¹⁰)

329 2901 486 2966 Fortasse
508 2904 550 2966 ad
572 2902 633 2968 hoc
648 2921 712 2968 non
735 2902 819 2994 nihil
841 2902 989 2985 contulit,
1012 2903 1099 2983 quod
1113 2905 1230 2968 ventre
1245 2899 1373 2965 hostiae
1389 2903 1505 2981 aperto

329 3004 421 3068 iecur
441 3003 617 3068 maximum
640 3006 825 3086 apparebat
846 3005 956 3071 viscus
978 3010 1013 3071 et
1035 3005 1141 3070 colore
1170 3021 1228 3069 suo
1257 3001 1389 3084 proprio
1411 3002 1507 3082 quasi

328 3105 481 3189 aenigma
503 3109 706 3188 proponebat
720 3107 980 3188 inspicientibus.
1024 3107 1110 3173 Utut
1125 3108 1185 3172 hoc
1199 3124 1234 3171 se
1248 3105 1358 3188 habet
1381 3109 1506 3170 certum

329 3213 380 3274 est
409 3209 519 3290 priore
555 3227 681 3290 quoque
711 3229 793 3276 aevo
829 3209 920 3276 iecur
949 3228 1077 3291 semper
1113 3208 1217 3289 primo
1246 3208 1316 3273 loco
1354 3211 1388 3272 et
1417 3207 1505 3288 apud

417 3414 437 3483 ¹)
455 3415 472 3467 1.
490 3416 508 3470 1.
526 3415 634 3469 ibidem.
707 3414 727 3484 Ξ)
746 3415 873 3470 Philostr.
892 3415 941 3471 vit.
959 3416 1046 3484 Apoll.
1065 3415 1135 3470 VIII
1155 3414 1179 3482 7,
1198 3415 1238 3469 16.
1310 3411 1365 3479 1)1.
1384 3412 1402 3466 1.
1420 3428 1445 3480 p.
1463 3411 1506 3465 80.

413 3499 436 3568 ⁴)
455 3500 486 3554 Il.
505 3501 546 3554 XI
562 3501 622 3569 ele,
640 3502 711 3555 XIII
728 3501 786 3570 411,
803 3502 883 3556 XVII
901 3501 953 3554 349
971 3501 1033 3555 alia.
1069 3501 1102 3554 In
1119 3505 1213 3555 nostra
1235 3498 1333 3567 lingna
1355 3497 1429 3552 houd
1451 3497 1505 3552 alio

327 3586 404 3640 modo
416 3585 491 3640 iecur
503 3603 550 3656 pro
568 3587 647 3641 corde
664 3593 823 3655 usurpatam
842 3587 926 3641 tuisse
943 3586 1123 3641 demonstrari
1134 3585 1245 3639 videtur
1256 3589 1348 3638 nostro
1361 3583 1441 3637 dioto
1448 3581 1506 3650 sroi

328 3686 379 3723 core
396 3669 444 3724 der
462 3670 548 3725 Labor
565 3671 702 3741 sprechea,
721 3671 750 3727 in
768 3671 894 3726 Grimmii
912 3671 1049 3726 Glossario
1066 3671 1123 3726 VII
1140 3688 1166 3739 p.
1184 3669 1243 3724 461.

414 3755 434 3824 ⁶)
453 3757 519 3813 Eur.
538 3757 630 3826 Suppl.
649 3757 700 3811 918
710 3774 782 3826 seqq.

413 3843 434 3904 ⁸)
454 3844 548 3897 Aesch.
568 3845 621 3913 Ag.
639 3843 704 3912 4323
723 3843 801 3912 Soph.
821 3843 863 3896 Ai.
881 3843 946 3910 9393
972 3843 1036 3898 Eur.
1062 3841 1155 3910 Suppl.
1173 3841 1238 3908 5983
1266 3839 1346 3894 Rhes.
1365 3837 1425 3894 425.
1462 3837 1504 3892 ef.

327 3926 438 3980 Theocr.
457 3928 530 3981 XIII
548 3928 589 3982 71.

415 4013 435 4079 ⁷)
453 4013 486 4066 de
504 4013 568 4068 vict.
587 4030 651 4068 mor.
670 4014 712 4067 XI
728 4031 754 4081 p.
772 4013 824 4067 460
833 4014 863 4068 F.
1026 4011 1046 4080 8)
1064 4029 1091 4080 p.
1109 4011 1145 4066 48
1161 4011 1251 4066 Xllhn.

413 4097 435 4161 ⁹)
454 4098 507 4151 Oic.
533 4099 566 4153 de
588 4104 645 4154 nat.
664 4099 735 4154 deor.
759 4099 838 4168 199;
863 4099 927 4152 Hor.
946 4099 1034 4152 Germ.
1053 4099 1067 4150 Ι
1086 4097 1125 4165 13,
1144 4097 1169 4165 4,
1193 4097 1248 4150 Sat.
1266 4096 1281 4149 I
1298 4096 1322 4163 9,
1346 4093 1389 4162 66,
1416 4091 1505 4160 Epist.

327 4181 399 4251 118,
419 4183 465 4251 723
484 4183 543 4238 Ius.
562 4183 619 4239 Set.
637 4185 652 4238 I
670 4184 711 4252 46,
732 4185 849 4240 111649.

396 4267 429 4334 ¹⁰)
448 4268 634 4323 Sctlaiuciscbe
657 4267 937 4338 Vcrfluchccpstcsclc
964 4269 1004 4323 ed.
1030 4269 1062 4323 a.
1088 4265 1264 4322 Wuensch
1282 4265 1337 4320 tab.
1356 4263 1438 4320 XVII
1455 4262 1503 4330 42;

327 4354 360 4407 de
378 4354 458 4408 huius
476 4353 554 4408 tituli
572 4361 692 4424 tempore
710 4371 735 4410 r.
754 4355 791 4412 ib.
808 4370 834 4423 p.
852 4354 893 4408 62.
