3492 5092
256 397 309 483 71]
652 398 692 451 De
711 396 855 464 extispicio
873 397 965 465 capita
983 397 1038 452 tria
1368 401 1431 467 241

256 570 313 650 qui
336 573 436 651 caput
456 567 584 636 velavit
605 567 674 632 ritu
697 566 866 633 notissimo
881 568 1107 650 Romanorum,
1129 568 1218 633 iacet
1237 569 1271 634 in
1287 570 1432 650 pulvinis

254 672 380 739 ornatis
403 674 519 738 dextro
540 669 694 737 bracchio
723 669 828 735 nixus.
872 670 912 734 In
934 688 1032 735 manu
1061 669 1198 736 sinistra
1219 675 1312 736 tenet
1341 671 1432 738 iecur

255 775 334 841 felle
370 775 506 856 insuper
541 772 700 854 imposito.
743 772 911 856 Denique,
941 790 982 838 ue
1010 772 1119 838 desint
1150 771 1307 856 feminae,
1336 775 1431 839 haru-

254 879 364 959 spicae
386 880 557 942 servatum
579 876 736 942 habemus
758 875 965 940 simulacrum
990 894 1008 940 e
1030 878 1121 942 terra
1143 894 1243 958 prope
1264 877 1430 942 theatrum

254 980 483 1046 Mantiueense
507 977 672 1063 erutum.1)
717 977 889 1044 Caelatum
912 985 963 1044 est
986 977 1198 1044 artificiosum
1229 977 1312 1044 illud
1342 997 1430 1064 opus,

253 1083 401 1148 votivum
413 1081 485 1147 sine
504 1081 611 1146 dnbio.
647 1079 836 1161 Haruspica
850 1085 944 1146 tenet
963 1081 1054 1146 iecur
1068 1081 1167 1147 laeva
1180 1100 1288 1147 manu.
1325 1080 1430 1164 Quam

253 1183 395 1250 maxime
418 1184 570 1267 dolemus
593 1184 679 1264 quod
707 1183 778 1249 eius
804 1189 903 1264 capnt
925 1183 1022 1265 plane
1045 1189 1098 1249 est
1119 1184 1264 1249 deletum
1286 1184 1430 1265 itemque

252 1287 443 1353 bracchium
465 1288 626 1352 dextrum.
670 1288 758 1352 Ante
788 1287 874 1351 hanc
895 1285 1036 1368 figuram
1057 1286 1144 1351 imae
1166 1290 1279 1367 partes
1301 1287 1431 1367 palmae
1529 1281 1531 1286 ’

254 1388 381 1456 arboris
404 1388 657 1470 conspiciuntur.
702 1388 795 1470 Quae
819 1407 890 1454 cum
921 1406 1018 1454 sacra
1046 1387 1150 1454 fuerit
1171 1389 1328 1468 Latonae,
1357 1407 1429 1453 cum

252 1492 351 1557 huius
366 1494 448 1558 deae
464 1492 555 1557 cultu
575 1491 804 1574 coniungenda
820 1495 871 1556 est
883 1490 942 1556 illa
958 1490 1130 1571 extispica.
1174 1490 1322 1573 Accedit,
1344 1493 1430 1572 qnod

253 1595 381 1660 Latona
403 1595 438 1660 in
461 1594 581 1676 templo
604 1593 826 1659 Mantineensi
847 1593 1033 1659 colebatur:
1064 1612 1129 1674 qua
1158 1594 1199 1658 de
1221 1611 1319 1660 cansa
1340 1594 1430 1660 hand

252 1696 336 1763 falso
359 1696 557 1763 coniciamus
578 1697 663 1762 illud
685 1714 765 1778 opus
788 1696 951 1762 caelatum
973 1696 1160 1762 habendum
1182 1714 1254 1762 esse
1275 1714 1333 1777 pro
1362 1715 1428 1761 mo-

251 1805 407 1866 numento
430 1799 543 1868 votivo
565 1799 706 1866 alicuius
732 1800 929 1880 haruspicae
952 1818 1035 1879 quae
1050 1799 1198 1865 Latonae
1228 1798 1332 1864 cultui
1354 1805 1429 1865 erat

251 1904 374 1970 dedita.
418 1903 512 1969 Haec
534 1905 574 1968 de
597 1901 790 1968 simulacris.

337 2161 506 2225 Postremo
525 2158 626 2223 liceat
638 2158 762 2222 addere
776 2157 925 2238 exempla
936 2174 1019 2237 qnae
1030 2155 1097 2221 iam
1112 2174 1213 2237 supra
1226 2175 1255 2238 p.
1267 2157 1309 2222 33
1320 2158 1395 2222 adn.
1408 2158 1425 2221 1

251 2262 456 2346 promisimus
479 2262 523 2327 ab
546 2259 623 2326 aliis
640 2258 831 2325 nationibus
854 2260 1034 2339 desumpta.
1079 2259 1129 2323 Ac
1150 2257 1254 2340 primo
1276 2259 1346 2325 loco
1377 2277 1427 2325 se-

250 2369 395 2448 quantur
417 2382 465 2446 ea,
488 2381 571 2444 quae
593 2362 659 2427 iam
682 2360 830 2442 antiquis
859 2360 1076 2442 scriptoribus
1106 2365 1204 2426 erant
1232 2369 1319 2426 nota.
1362 2361 1427 2427 He-

249 2468 382 2552 sychius
410 2466 496 2533 enim
527 2483 551 2531 s.
580 2484 611 2532 v.
639 2462 741 2526 ιιύλαι
771 2466 852 2531 haee
881 2462 975 2530 nobis
1005 2464 1169 2531 servant:
1201 2461 1427 2550 Ἀριστοφάνης

252 2570 560 2651 Τελμισσεῦσιν
582 2567 656 2653 (frg.
679 2568 743 2634 540
765 2565 872 2652 Kock)
903 2564 970 2628 ἀπὸ
991 2575 1054 2628 τῶν
1074 2567 1183 2629 &nemu
1196 2565 1289 2650 λέγει.
1312 2570 1427 2631 ἐκεῖνοι

249 2672 310 2758 γὰρ
332 2669 582 2736 iuteremerunt
602 2668 661 2744 τὰς
682 2667 841 2752 ἐκτροπὰς
861 2678 917 2732 τσῦ
937 2666 1061 2753 ἥπατος
1075 2667 1131 2731 καὶ
1144 2667 1202 2743 τὰς
1218 2667 1351 2754 φλέβας,
1375 2668 1426 2734 διὸ

249 2776 304 2840 καὶ
324 2774 383 2850 τὰς
405 2770 499 2850 ὁδοὺς
512 2771 617 2846 πύλας
631 2769 784 2854 λέγουσιν.
831 2769 1162 2836 Telmessiorum
1184 2776 1290 2838 artem
1312 2771 1425 2838 Cicero

249 2897 377 2960 quoque
398 2875 554 2960 laudatfl)
605 2874 784 2940 Prusias
814 2874 871 2939 ille
892 2872 1109 2956 Bithynorum
1137 2893 1197 2939 rex
1226 2874 1296 2956 ipse
1324 2875 1426 2942 coluit

248 2983 333 3048 hanc
355 2983 460 3046 artem
475 2983 576 3059 atque
591 2981 742 3043 extorum
756 2976 860 3059 signis
874 2976 1028 3042 maiorem
1045 2976 1202 3043 attribuit
1217 2975 1314 3043 fidem
1329 2996 1425 3058 qnam

248 3082 430 3150 Hannibali
453 3080 531 3148 belli
553 3080 691 3163 gerendi
713 3079 952 3166 peritissimo.⁸)
997 3079 1219 3145 Armenios
1249 3079 1425 3160 extispIces

248 3187 351 3254 fuisse
365 3183 536 3251 Iuvenalis
548 3189 645 3264 poeta
659 3181 843 3267 testatus)
880 3184 1079 3248 Indorum
1093 3181 1285 3263 haruspices
1296 3180 1424 3247 Plinius

248 3287 515 3372 commemoratl)
559 3287 645 3354 Item
668 3289 799 3352 constat
828 3285 918 3351 inter
947 3302 1058 3351 omnes
1087 3285 1258 3367 Persas,
1286 3284 1423 3368 Baby·

247 3391 402 3474 Ionios,
423 3390 681 3470 Chaldaeos,
697 3389 845 3471 Syros,
860 3389 1022 3453 Poenos
1040 3405 1197 3454 usosesse
1213 3386 1423 3474 extispicium

334 3527 474 3597 1λΒιιλλιι.
500 3525 532 3580 de
556 3525 631 3580 Gerr.
658 3524 731 3578 Hell.
755 3525 812 3579 XII
834 3523 903 3578 1888
929 3541 955 3592 p.
973 3523 1037 3591 3t6;
1056 3523 1214 3578 Gustare
1231 3523 1422 3593 hougeren,

246 3613 390 3668 Mantiate
407 3615 435 3666 et
452 3609 589 3665 l’Arcodr‘c
606 3609 738 3664 orientale
755 3626 781 3678 p.
799 3609 851 3662 542
861 3609 918 3664 tab.
930 3609 978 3678 IV,
996 3609 1068 3664 unde
1079 3609 1239 3677 deprompta
1255 3613 1298 3663 est
1314 3613 1423 3664 nostrae

246 3699 357 3754 tabulae
373 3697 418 3752 III
435 3696 482 3765 fig.
500 3695 530 3764 33
550 3691 708 3761 Kapitolias
729 3692 838 3746 Γλυπτιὶ
855 3699 903 3746 τσῦ
920 3694 1033 3745 iborae&
1050 3696 1178 3758 μουσείου
1196 3693 1254 3748 226.

332 3781 354 3852 'l
371 3783 412 3836 De
430 3781 484 3836 div.
502 3781 517 3835 I
533 3779 575 3835 91.
611 3780 652 3834 Of.
670 3779 797 3836 Phssoetr.
810 3779 860 3834 vit.
871 3779 961 3848 Apoll.
973 3779 1017 3834 III
1029 3779 1053 3848 7,
1066 3779 1107 3848 lb,
1125 3778 1173 3847 qni
1184 3779 1298 3847 Lycium
1310 3795 1422 3836 minure

247 3875 336 3924 morat
351 3866 518 3935 extispicum.
674 3865 694 3933 ’λ
713 3865 768 3920 Cir.
786 3866 820 3920 de
837 3865 892 3920 div.
911 3865 942 3918 11
958 3864 1009 3933 52;
1027 3865 1089 3920 Vel.
1106 3865 1177 3919 Max.
1197 3865 1240 3918 IlI
1258 3865 1282 3934 7,
1299 3864 1324 3919 6.

332 3952 353 4021 ⁴)
371 3952 413 4008 VI
429 3951 489 4006 548.
656 3951 678 4020 ⁶)
695 3951 728 4006 Ν.
746 3951 780 4005 H.
800 3951 909 4004 XXXII
925 3950 968 4004 23.

332 4038 354 4108 ⁶)
371 4037 471 4092 catull.
491 4037 538 4092 XO
556 4037 586 4104 23
604 4036 731 4092 Ezechiel
749 4037 816 4090 XXI
833 4037 880 4104 213
905 4037 1051 4091 Deuteron.
1069 4036 1166 4092 XVIII
1184 4035 1230 4104 113
1254 4035 1337 4104 Greg.
1355 4035 1421 4090 Noa.

245 4123 313 4176 κατὰ
329 4121 404 4176 Ἰσυλ.
418 4121 449 4190 3;
468 4121 597 4190 Polyaen.
613 4121 697 4176 Strat.
710 4122 750 4177 IV
762 4121 809 4191 203
827 4123 889 4180 Iuv.
898 4122 940 4177 VI
956 4120 1020 4190 5483
1039 4121 1092 4176 (lic.
1111 4121 1145 4175 de
1156 4119 1211 4176 div.
1228 4120 1311 4175 1129.
1334 4120 1422 4176 Hodie

244 4211 278 4266 de
302 4207 460 4278 Babyloniis
482 4207 586 4276 optIma
613 4207 744 4262 habemns
767 4207 926 4264 testimonia
948 4207 1037 4262 iecora
1062 4206 1159 4262 fictilia
1181 4206 1216 4261 ab
1245 4206 1422 4276 extispicibus

244 4299 390 4364 usurpata:
408 4293 443 4350 ct.
460 4309 486 4362 p.
499 4292 532 4348 57
551 4293 642 4348 adnm.
660 4291 691 4362 ὃς
709 4293 742 4347 Α.
760 4293 932 4362 Boiseier,
950 4291 1022 4348 Note
1038 4307 1089 4347 eor
1105 4309 1145 4346 ιιιι
1160 4290 1422 4360 monameatBoby·

245 4380 344 4450 lonico,
365 4378 471 4436 cetea
490 4377 557 4433 1889
574 4383 603 4434 et
620 4377 711 4434 Caroli
728 4379 858 4433 Beaold
875 4378 1099 4447 Supplernentum
1115 4377 1189 4432 intra
1205 4377 1336 4434 additum.
