3492 5092
365 359 427 425 180
808 357 941 428 Georgius
959 358 1073 414 Blocher
1487 359 1543 445 [10

366 529 529 615 Ἄρατον
565 527 890 614 ἀναμνησθέντα
929 539 1006 592 τῶν
1045 527 1167 615 ἱερῶν
1207 524 1377 593 ἐκείνων
1415 528 1543 612 γέλως

364 628 488 714 ἔλαβε
516 631 587 695 καί
617 629 811 718 διηγεῖτο
839 641 891 714 τῷ
922 631 1096 713 βασιλεῖ
1123 632 1166 696 τδ
1187 643 1362 718 σημεῖον
1383 632 1454 698 καί
1474 631 1542 718 τὴν

364 735 686 820 προαγόρευσιν.

448 874 568 939 Paus.
584 872 724 955 VI2,4:
748 878 812 935 Τοῦ
831 871 1129 957 θρασοβούλου
1151 873 1239 957 (τῶν
1259 871 1460 959 Ἰαμιδῶν)

362 987 406 1059 τῇ
429 973 563 1038 εἰκόνι
588 975 748 1060 γαλεώτης
768 975 851 1059 πρὸς
871 971 925 1038 τὸν
946 967 1034 1054 ὦμον
1052 977 1249 1060 προσέρπων
1270 972 1336 1039 ἐστὶ
1357 974 1412 1039 τὸν
1426 974 1539 1056 δεξιόν,

362 1077 417 1140 καὶ
438 1079 545 1140 κύων
567 1075 892 1161 ἱερεῖονδὴπὰρ’
914 1075 1020 1160 αύτῷ
1041 1087 1183 1141 κεῖται
1206 1076 1541 1164 διατετμημένος

360 1203 401 1244 τε
423 1177 518 1259 δίχα
541 1179 610 1243 καὶ
632 1181 792 1264 φαίνων
813 1177 856 1242 τὸ
876 1173 985 1265 ἡπαρ
1007 1232 1014 1246 .
1037 1232 1075 1246 ..
1105 1177 1207 1244 ἔοικεν
1237 1173 1293 1244 οὖν
1322 1179 1408 1244 ἰδίαν
1429 1179 1539 1246 τινάδ

363 1281 583 1368 θρασύβουλος
605 1277 661 1345 ἐπὶ
683 1281 875 1363 σπλάγχνων
894 1282 1046 1367 μαντικὴν
1066 1285 1197 1347 κυνείων
1218 1283 1489 1369 καταστήσασθαι.

447 1422 531 1488 Nic.
549 1422 659 1496 Ther.
683 1422 747 1488 559
776 1439 879 1502 seqq.:

1006 1569 1063 1585 ...
1086 1519 1105 1604 ἢ
1126 1522 1192 1588 ἀπὸ
1213 1524 1376 1609 κάπρου

402 1625 561 1711 ἥπατος
585 1623 815 1709 ἀκρότατον
836 1627 984 1707 κέρσαι
1002 1624 1144 1708 λοβόν,
1166 1625 1481 1712 δ’ςτετραπέζης

404 1727 620 1812 ἐκφύεται,
643 1728 753 1791 νεύει
774 1726 816 1792 δὲ
838 1726 961 1813 χολῆς
983 1727 1132 1808 σχεδὸν
1150 1728 1219 1813 ἠδὲ
1241 1730 1420 1793 πυλάων.

445 1866 580 1932 Schol.
601 1867 642 1930 ad
664 1866 695 1930 h.
716 1866 753 1930 l.:
781 1864 970 1948 τράπεζα
991 1865 1060 1929 καὶ
1081 1864 1187 1952 πύλη
1208 1869 1308 1952 μέρη
1327 1863 1539 1930 τινάελσιν

360 1963 568 2054 ἓξημμένα
610 1977 682 2032 τοῦ
723 1966 892 2053 ἥπατος.
943 1967 1147 2053 τράπεζα,
1186 1967 1295 2048 ἀνυξ,
1331 1969 1536 2055 μάχαιρα,

359 2072 513 2134 κάνεον

443 2208 546 2274 Poll.
569 2208 825 2274 Onom.11215:
846 2206 1049 2270 Καλεῑται
1072 2206 1198 2270 δὲτοῦ
1219 2207 1378 2293 ἥπατος
1399 2207 1442 2272 τὸ
1463 2212 1537 2289 μέν

358 2336 396 2375 τι
417 2309 562 2393 πύλαι,
585 2308 677 2372 καθ’
699 2312 746 2384 ἃς
766 2307 1022 2389 ὑποδέχεται
1051 2311 1093 2372 τὸ
1128 2304 1246 2395 αἷμα,
1277 2310 1358 2395 ὅπερ
1382 2310 1438 2375 διὰ
1459 2322 1537 2392 μιᾶς

358 2411 479 2498 φλεβὸς
508 2411 554 2487 εἷς
582 2413 693 2487 πάσας
721 2411 778 2488 τὰς
803 2410 925 2495 φλέβας
953 2410 1011 2474 ἀπ’
1032 2411 1135 2476 αὐτῶν
1157 2411 1391 2495 ἀναπέμπεται.
1427 2411 1537 2477 τὸδὲ

358 2513 479 2598 λοβολ
500 2513 680 2597 ἡπατίαι
701 2513 765 2578 κτλ.

443 2651 533 2718 Ruf.
554 2653 704 2733 Ephes.
729 2654 770 2717 de
784 2653 939 2734 appellat.
955 2657 1041 2733 part.
1065 2671 1149 2734 corp.
1165 2655 1251 2719 hum.
1267 2674 1296 2736 p.
1312 2655 1354 2720 38
1370 2653 1534 2740 (Clinch.):

358 2757 451 2838 (Τοῦ
494 2751 536 2818 δὲ
580 2753 748 2840 ἥπατος)
793 2748 862 2817 ἐπὶ
902 2764 973 2818 τοῦ
1007 2757 1208 2838 μεγίστου
1245 2754 1373 2839 λοβοῦ
1413 2756 1535 2842 χολῆς

358 2855 536 2941 ἀγγεῖον.
559 2867 615 2919 τοῦ
629 2855 665 2920 δὲ
685 2853 721 2920 τὸ
736 2859 836 2938 μέσον
851 2855 957 2921 στενὸν
975 2856 1110 2941 αὐχήν.
1133 2856 1169 2922 τὸ
1193 2855 1228 2922 δὲ
1247 2860 1334 2922 κύτω
1357 2859 1533 2944 πυθμήν.

358 2959 464 3044 πύλη
492 2957 534 3023 δὲ
561 2957 762 3044 ἥπατοςὴ
786 2957 899 3044 φλέψ
928 2957 998 3022 διὰ
1019 2954 1063 3045 ης
1085 2959 1102 3042 ἡ
1123 2959 1256 3046 τροφὴ
1286 2960 1533 3046 εἰσέρχεται.

355 3064 380 3124 -ἃ
403 3059 767 3146 δὲένὶεροσκοπίφ
781 3061 1535 3149 πύλαςκαλτράπεζανκαλμάχαιραν

357 3164 426 3228 καλ
448 3161 799 3248 ύνυχακαλοῦσιν,
815 3159 990 3246 ἔστιμὲν
1009 3165 1076 3228 καὶ
1099 3164 1380 3251 ἒνάνθρώπφ,
1396 3165 1535 3252 ἀσαφῆ

358 3265 400 3331 δὲ
422 3267 484 3331 καὶ
504 3267 575 3331 οὐκ
597 3265 751 3350 εὔδηλα
772 3265 923 3342 καλεῖς
946 3264 1534 3352 οάδὲνίατρικὸνάναγκαίως

357 3368 663 3451 ὀνομασθέντα.

356 3489 563 3573 Hesychii
586 3489 707 3556 Gloss.:

438 3607 672 3674 Ἇκέλευθα
707 3606 815 3674 ἀνσδα.
851 3610 905 3674 καὶ
928 3605 1140 3694 ἕνθυτικῇ
1170 3610 1533 3696 σημεῖονδτανμὴ

559 3704 815 3796 ᾖκέλευθσς.

442 3813 701 3900 ἀντιστάτης·
735 3811 752 3878 ὁ
781 3812 983 3900 ἀνθεστηκὼς
1005 3809 1060 3900 (ἓν)
1082 3826 1119 3899 τῇ
1142 3816 1237 3900 μάχῃ.
1276 3816 1329 3880 καὶ
1358 3826 1533 3901 σημεῖον

559 3917 771 4001 ἑνθυτικῇ.

440 4019 640 4102 γλῶσσαι·
671 4019 778 4104 φωναὶ
798 4019 853 4083 καὶ
875 4029 1025 4106 σημεῖα
1047 4017 1118 4083 ἐπὶ
1147 4030 1217 4084 τοῦ
1233 4019 1396 4106 ἥπατος
1418 4020 1531 4106 παρὰ

558 4132 649 4198 τοῖς
670 4123 830 4198 θύταις.

441 4223 570 4306 δεξίς·
600 4235 678 4288 τῶν
706 4223 747 4289 έν
767 4236 819 4309 τῷ
840 4223 970 4311 ἥπατι
991 4235 1126 4309 μερῶν
1147 4223 1532 4311 παρὰτοῖςθύταις

560 4325 793 4414 καλουμένη
815 4325 923 4412 δοχη.
