3492 5092
271 365 328 451 53]
667 364 708 417 Ile
726 362 867 431 extispicio
886 363 976 430 capita
994 363 1049 417 tria
1214 415 1219 430 ,
1387 366 1450 430 223

271 539 446 618 bantur,
490 537 598 616 quod
633 533 848 600 facillime
884 533 990 600 fieri
1029 535 1187 617 potuit,
1229 536 1317 602 dum
1352 533 1451 602 exta

272 643 398 704 erant
421 635 723 703 adhaerentia.

357 740 545 808 Posteriore
576 758 665 822 aevo,
692 741 779 820 quod
800 738 1018 820 compluribus
1040 738 1240 804 testimoniis
1261 739 1355 804 nobis
1377 740 1451 805 illu-

272 848 410 927 stratur,
431 848 606 925 postquam
628 840 839 924 extispicium
854 843 1069 908 Etruscorum
1090 847 1289 923 acceperunt
1302 841 1452 924 Romani,

271 965 325 1013 res
337 945 437 1012 aliter
448 963 484 1011 se
494 945 606 1010 habet.
629 945 824 1010 Mactantur
835 943 964 1024 quidem
979 963 1015 1010 eo
1028 962 1156 1025 quoque
1167 949 1312 1026 tempore
1324 944 1452 1010 hostiae

272 1048 488 1116 succidaneos
511 1049 570 1113 sed
591 1047 645 1113 vel
661 1047 785 1112 nullam
799 1047 855 1114 vel
878 1045 978 1112 aliam
993 1047 1118 1113 habent
1133 1045 1209 1114 vim.
1240 1048 1294 1112 Ita
1310 1049 1451 1113 secundo

247 1151 254 1168 ‘
272 1151 359 1217 bello
382 1149 507 1217 Punico
523 1149 681 1216 Marcello
697 1148 904 1215 sacrificante
919 1148 1110 1214 laetissimis
1130 1149 1347 1215 succidaneae
1365 1149 1452 1215 extis

273 1251 402 1319 omnino
433 1252 516 1318 nihil
545 1251 793 1336 tribuebatur.¹)
837 1251 959 1317 Contra
980 1250 1136 1316 Petillius
1165 1250 1301 1317 ineunte
1323 1253 1452 1318 saeculo

273 1376 301 1422 a.
323 1355 397 1421 Chr.
419 1376 449 1421 n.
471 1357 613 1421 secundo
636 1373 655 1420 e
677 1354 948 1420 succidanearum
978 1354 1065 1419 extIs
1096 1354 1296 1437 deprompsit
1318 1353 1453 1439 signa.²)

273 1458 486 1524 Ciceromauo
513 1475 610 1539 porro
639 1475 722 1524 aevo
752 1457 969 1523 succidaneos
998 1457 1127 1522 hostiae
1150 1456 1216 1524 vim
1240 1476 1260 1522 a
1282 1456 1453 1539 primitiva

273 1561 371 1643 plane
405 1559 547 1626 alienam
589 1564 796 1641 acceperant.
847 1560 919 1624 Hoc
952 1560 1173 1626 concludimus
1206 1578 1247 1625 ex
1285 1579 1331 1644 eo,
1368 1563 1453 1641 quod

274 1663 425 1746 Cicero⁸l
454 1663 595 1729 miratur
621 1663 861 1726 tmmstaato'om
891 1661 1034 1740 demam,
1064 1682 1127 1743 qao
1151 1663 1267 1743 prame
1296 1664 1455 1726 minentur

272 1768 358 1845 cais,
381 1765 454 1830 benc
471 1766 658 1848 promittant
681 1765 832 1830 seooado's.
881 1765 977 1832 Unde
1006 1766 1115 1832 elucet
1137 1765 1194 1831 illo
1217 1785 1298 1834 aevo
1320 1770 1454 1847 praeter

273 1869 502 1936 succidaneam
524 1869 666 1951 priorem
690 1887 815 1949 quoque
837 1867 979 1934 hostiam
1001 1868 1067 1934 vim
1084 1869 1249 1949 quandam
1269 1868 1454 1951 retinuisse,

273 1991 346 2038 cum
376 1971 615 2052 antiquissimis
644 1971 855 2052 temporibus,
885 1970 943 2035 ubi
969 1969 1108 2050 primum
1137 1969 1331 2035 succidanea
1367 1989 1454 2036 mac·

273 2074 377 2139 tanda
400 2078 482 2156 erat,
511 2073 618 2154 prima
637 2071 754 2153 hostia,
786 2071 863 2152 quia
885 2090 950 2136 non
970 2076 1109 2152 accepta
1131 2069 1243 2136 fuerat
1265 2074 1307 2136 ad
1330 2071 1454 2137 sacrifi-

274 2177 422 2258 candum,
451 2174 580 2241 omnino
610 2174 694 2240 nihil
715 2174 885 2242 ualuIsset.
930 2173 1001 2239 Hoc
1030 2177 1141 2238 autem
1170 2172 1352 2254 posteriore
1374 2192 1454 2240 aeuo

273 2279 338 2344 sibi
374 2278 545 2361 fingebant
578 2277 755 2344 maioribus
789 2275 907 2343 hostiis
940 2295 999 2358 pro
1036 2275 1242 2342 succidaneis
1278 2275 1454 2342 immolatis

273 2380 398 2464 primae
434 2380 563 2447 hostiae
597 2380 706 2446 omina
742 2379 837 2462 quasi
873 2380 1060 2461 superanda
1093 2383 1128 2445 et
1160 2381 1292 2446 deorum
1330 2378 1455 2445 animos

273 2484 451 2550 flectendos
474 2483 584 2568 esse4)
627 2484 880 2550 Reservabatur
909 2487 1019 2548 autem
1049 2481 1159 2563 prisca
1191 2481 1331 2547 formula
1359 2500 1456 2561 ocsqooe

274 2585 317 2650 ad
337 2586 506 2650 litationem
528 2586 712 2668 cmrifimre,
735 2588 794 2652 sed
817 2586 1009 2650 mutabatur
1036 2603 1159 2666 sensus,
1189 2604 1262 2650 cum
1284 2584 1352 2650 illis
1373 2589 1455 2650 tem·

274 2687 407 2769 poribus
422 2689 504 2754 haec
525 2687 598 2753 fere
620 2687 850 2754 subaudirent:
878 2688 1009 2753 donec
1038 2687 1106 2751 dei
1129 2687 1273 2752 auctis
1294 2686 1455 2753 hostiis

275 2789 473 2871 superati
494 2791 601 2855 bona
623 2789 803 2854 mittant
826 2788 987 2872 signal)

361 2891 432 2958 Iam
463 2911 540 2958 vero
562 2893 783 2973 quaerendum
806 2896 866 2975 est,
887 2896 997 2957 utrum
1027 2891 1061 2956 iu
1085 2889 1256 2972 extispicio
1279 2892 1321 2957 ab
1352 2891 1453 2957 Etru-

275 2995 341 3061 scis
357 2999 492 3076 acccpto
507 2993 617 3076 pruma
638 2995 788 3058 litationis
808 2995 954 3076 inspecto
975 2997 1110 3061 servata
1125 2993 1171 3059 sit
1185 3012 1296 3060 necne.
1333 2993 1455 3060 Nostra

275 3097 406 3178 quidem
435 3097 603 3164 sententia
632 3097 714 3164 illud
743 3096 847 3164 fuisse
876 3100 1121 3164 demonstratur
1143 3116 1160 3162 e
1183 3096 1292 3163 Servii
1319 3099 1455 3163 adnota-

274 3199 364 3266 tione
374 3199 415 3285 ⁶):
443 3199 547 3281 collat
567 3201 631 3264 atsi
653 3220 690 3264 ea
710 3219 789 3265 sona
810 3202 934 3265 oricto'mo
953 3201 1069 3282 factoro
1090 3218 1153 3263 coa
1177 3203 1317 3280 possent.
1362 3198 1455 3282 Quod

274 3303 416 3369 sirecte
438 3321 474 3369 se
501 3304 610 3385 habet,
640 3302 848 3386 extispicium
877 3321 999 3386 verum,
1029 3320 1091 3383 quo
1121 3299 1234 3367 futura
1260 3300 1455 3369 divinabant

274 3405 420 3490 Etrusci,
450 3407 647 3473 aRomanis
669 3407 773 3488 primo
804 3406 948 3472 aHeuum
977 3407 1019 3470 ad
1047 3403 1236 3487 indigenam
1263 3403 1455 3471 Latinorum

275 3507 441 3576 litationis
474 3508 709 3591 inspectionem
739 3513 853 3591 postea
884 3527 920 3575 se
950 3507 1140 3590 applicavit.
1194 3507 1233 3573 Id
1264 3526 1301 3574 eo
1324 3506 1455 3573 facilius

275 3610 348 3678 fieri
361 3611 479 3693 potuit,
495 3613 580 3692 quod
595 3611 810 3678 Etruscorum
826 3609 998 3693 extispicio
1014 3611 1106 3676 rudis
1121 3610 1267 3692 ipsorum
1282 3615 1316 3675 et
1330 3609 1457 3675 inculta

275 3713 387 3780 litatio
401 3719 569 3796 tamquam
585 3713 724 3796 expoliri
740 3719 839 3796 atque
858 3713 973 3796 augeri
987 3713 1144 3780 Romanis
1164 3713 1238 3780 visa
1259 3717 1319 3779 est.
1362 3711 1455 3796 Quae

277 3834 349 3882 cum
378 3815 429 3882 ita
458 3823 582 3901 essent,
611 3835 720 3884 merus
749 3816 806 3883 ille
829 3818 995 3884 Romanus
1024 3835 1108 3898 mos,
1138 3821 1176 3882 ut
1205 3815 1345 3899 saepius,
1374 3833 1455 3896 prae

365 4002 385 4070 ¹)
403 4002 464 4058 Liv.
482 4003 589 4060 XXVII
608 4004 655 4072 263
673 4005 748 4060 Plut.
766 4004 848 4058 Marc.
867 4003 915 4072 aa,
938 4002 998 4058 Vol.
1017 4003 1088 4058 Max.
1107 4003 1164 4074 16,
1182 4004 1207 4059 9.

363 4085 385 4156 ’)
402 4087 461 4143 Liv.
480 4089 545 4143 XLI
561 4089 601 4144 lb.
758 4089 778 4158 8)
796 4089 838 4144 De
856 4089 911 4145 div.
930 4089 958 4144 11
976 4087 1025 4158 383
1046 4105 1129 4159 supra
1146 4107 1171 4158 p.
1190 4089 1231 4144 lb.

362 4173 384 4243 ⁴)
402 4174 529 4229 Mdller
547 4173 685 4228 morteto
702 4175 750 4228 11²
767 4191 793 4243 p.
813 4174 863 4228 186
870 4191 925 4242 seq.

363 4259 383 4327 ⁵)
401 4259 462 4314 Liv.
479 4260 543 4314 XLI
563 4259 608 4328 153
627 4260 700 4315 Suet.
718 4259 781 4315 Div.
800 4261 872 4330 Aug.
890 4259 932 4314 86.

363 4343 385 4413 ⁰)
403 4345 446 4399 Ad
463 4345 547 4416 Verg.
566 4345 630 4400 Geo.
649 4345 693 4400 111
709 4345 768 4401 489.
