3492 5092
256 363 312 453 57]
654 365 697 419 De
715 364 856 434 extispicio
874 366 965 434 capita
981 365 1037 420 tria
1369 366 1434 431 227

258 536 452 618 haruspices
473 535 571 602 iidem
601 539 635 601 et
665 539 743 601 exta
766 540 801 601 et
823 535 891 601 alia
912 535 1064 618 prodigia
1085 535 1299 616 interpretati
1321 536 1435 617 sunt.¹)

259 638 397 706 Omnino
426 638 530 723 igitur
558 637 737 720 posteriore
766 656 848 706 aevo
874 637 1034 704 insertum
1055 638 1202 704 videmus
1226 639 1434 720 extispicium

258 742 294 808 in
322 759 476 824 magnam
506 740 624 806 seriem
658 740 855 822 reliquorum
886 740 1101 808 divinationis
1134 759 1298 822 generum.
1349 741 1435 808 Sane

256 844 454 928 ignoramus
484 843 603 924 quibus
633 843 833 924 temporibus
862 843 1001 925 primum
1030 848 1161 910 veteres
1184 844 1244 910 sub
1267 845 1329 908 hac
1349 862 1436 910 nova

255 946 386 1013 ratione
402 945 628 1012 artificiosiore
644 946 875 1027 conspexerint
888 952 1036 1011 extorum
1048 945 1152 1030 signa.
1182 947 1280 1027 Apud
1291 945 1435 1012 Graecos

257 1049 322 1116 iam
335 1048 513 1131 Euripides
525 1053 752 1114 commemorat
767 1048 971 1114 subtiliorem
983 1053 1149 1130 percaram
1163 1047 1435 1133 inspectionem)

256 1153 475 1217 Romanorum
503 1156 612 1216 autem
642 1151 831 1217 testimonia
861 1150 965 1232 ipsius
987 1150 1248 1216 commutationis
1274 1152 1435 1233 praebent

258 1257 496 1336 argumentum.
532 1253 572 1318 In
596 1252 836 1334 antiquioribus
859 1253 945 1319 enim
965 1253 1123 1335 exemplis
1146 1253 1279 1319 aLivio
1294 1253 1435 1320 servatis

261 1360 361 1436 capnt
379 1355 481 1422 solum
504 1355 621 1422 iecoris
643 1357 762 1422 absens
778 1361 1055 1439 commemoratur,
1076 1356 1133 1422 ubi
1148 1375 1184 1422 re
1199 1374 1281 1423 vera
1295 1355 1434 1421 fortasse

260 1459 415 1541 exiguum
447 1464 506 1524 aut
534 1458 696 1525 occultum
730 1464 812 1542 erat,
843 1462 929 1538 quod
957 1458 1029 1524 sine
1058 1459 1156 1524 dubio
1185 1458 1341 1524 facillime
1363 1458 1435 1524 fieri

258 1561 377 1642 potuit.
422 1561 462 1627 In
485 1560 725 1627 recentioribus
735 1560 760 1642 8)
789 1560 955 1627 interdum
985 1566 1089 1628 totum
1112 1580 1167 1627 cor·
1192 1562 1235 1628 ad
1256 1560 1434 1628 vivendum

255 1664 476 1730 necessarium
504 1665 608 1747 abest,
638 1666 722 1745 quod
744 1682 809 1730 non
832 1664 1048 1730 credidissent
1070 1663 1215 1730 homines
1236 1664 1327 1729 illius
1350 1663 1433 1744 aevi,

255 1766 321 1832 nisi
341 1785 399 1848 pro
414 1766 573 1850 prodigiis
589 1772 738 1833 extorum
757 1766 852 1850 signa
870 1767 1074 1834 habuissent.
1103 1768 1175 1832 Hoc
1190 1772 1300 1833 autem
1316 1785 1434 1832 revera

256 1870 417 1935 creditum
449 1889 520 1936 esse
551 1871 781 1951 comprobatur
806 1869 1003 1936 testimoniis
1032 1872 1073 1935 de
1095 1870 1245 1936 Caesaris
1273 1869 1434 1934 sacrificio

255 1973 407 2056 servatis,
437 1991 521 2052 quae
550 1991 614 2037 uno
644 1989 699 2037 ore
728 1974 865 2037 tradunt
891 1973 1019 2037 hostiae
1041 1971 1152 2036 corin
1175 1972 1260 2036 extis
1283 1970 1434 2054 defuisse,

257 2076 341 2154 quod
363 2093 423 2155 pro
445 2093 524 2140 vero
547 2079 585 2138 ut
607 2073 771 2155 acciperet
797 2074 909 2139 Cicero
931 2074 1021 2139 nullo
1043 2075 1136 2139 modo
1159 2092 1179 2138 a
1200 2091 1235 2138 se
1256 2072 1434 2154 impetrare

255 2177 427 2259 poterat.⁴)
477 2176 593 2242 Voluit
624 2193 702 2258 ergo
730 2177 811 2242 haec
840 2175 948 2257 opinio
982 2175 1193 2241 Ciceroniana
1227 2193 1317 2241 aevo.
1368 2174 1433 2240 Sed

255 2279 321 2344 iam
352 2283 452 2345 antea
482 2280 525 2344 ad
555 2278 765 2345 excolendam
795 2278 962 2360 extispicii
991 2277 1255 2360 superstitionem
1281 2296 1433 2360 magnam

254 2383 402 2449 habebat
413 2382 482 2448 vim
493 2381 643 2465 vulgaris
654 2381 1127 2464 prodigioruminterpretatio.
1142 2381 1226 2446 Nam
1239 2378 1433 2445 baudiacile

256 2483 417 2567 quispiam
427 2503 491 2550 non
504 2484 927 2567 concedetaprodigiornm
939 2485 994 2551 vel
1005 2485 1146 2549 ominum
1158 2483 1433 2564 interpretatione

255 2586 424 2652 sinistram
447 2591 482 2652 et
503 2589 654 2652 dextram
677 2591 803 2668 partem
820 2586 938 2652 iecoris
953 2587 1098 2652 traxisse
1115 2591 1238 2652 certam
1261 2605 1351 2652 suam
1368 2585 1434 2653 vim

259 2692 291 2754 et
322 2687 596 2770 significationem
627 2693 687 2754 aut
715 2688 844 2754 felicem
874 2694 932 2754 aut
960 2688 1141 2772 infelicem,
1171 2708 1254 2769 qnae
1284 2688 1318 2753 in
1352 2689 1434 2754 exti-

255 2790 380 2873 spicum
396 2809 523 2872 quoque
542 2790 716 2872 disciplina
731 2791 863 2872 saepius
878 2790 1028 2858 occurrit.
1058 2792 1111 2857 Ad
1130 2809 1225 2872 quam
1243 2791 1434 2858 divisionem

257 2891 386 2960 faciunt
415 2895 632 2960 Romanorum
663 2912 740 2975 pars
770 2892 888 2959 iecoris
917 2894 1097 2961 hostilis
1124 2893 1434 2978 etfamiliaris,

256 2997 418 3062 accedunt
447 3014 488 3061 ex
518 2995 726 3062 orientalium
755 2995 812 3078 qui
846 2987 1006 3064 vocantur
1038 2997 1228 3079 populorum
1251 2996 1435 3080 disciplina,

258 3117 342 3180 quae
361 3098 571 3164 Alfredus
594 3098 790 3165 Boissier
813 3105 848 3165 et
868 3100 1131 3166 Franciscns
1151 3099 1435 3165 Leonormant

257 3201 466 3284 protulerunt
477 3202 627 3284 exempla
638 3201 679 3286 ὓ);
692 3204 733 3268 de
744 3201 862 3282 quibus
873 3201 962 3267 infra
974 3201 1079 3268 fusius
1091 3199 1435 3267 dicemusDeeckii

255 3303 360 3386 igitur
381 3305 537 3390 verba⁶):
559 3303 610 3368 dic
630 3304 826 3386 Haruspices
840 3305 947 3368 bamba
968 3305 1025 3384 aas
1045 3303 1212 3367 deaaclbea
1233 3302 1435 3367 Faadamcat

257 3406 325 3472 aad
353 3406 497 3486 Schema,
527 3409 585 3471 aa'e
613 3409 795 3489 Aapara'am
825 3406 892 3470 aad
918 3407 1122 3488 Falpaca‘tc'oa
1155 3405 1203 3472 sic
1232 3411 1270 3472 ut
1299 3410 1434 3472 exstant

255 3510 467 3592 comprobare
489 3527 553 3576 non
568 3527 747 3592 possumus.
783 3509 880 3575 Licet
894 3511 955 3575 hoc
969 3509 1018 3575 ita
1033 3528 1069 3576 se
1083 3509 1239 3575 habuerit
1254 3509 1434 3592 posteriore

254 3630 354 3696 aevo;
376 3615 434 3679 sed
455 3613 484 3679 si
499 3632 520 3679 a
535 3611 695 3694 principio
718 3611 961 3696 proficiscimur,
984 3612 1127 3679 dicemus
1142 3612 1341 3679 translatum
1363 3631 1435 3679 esse

347 3815 366 3886 ¹)
384 3816 453 3871 Xen.
471 3816 559 3872 Anab-
578 3815 662 3884 vlt,
681 3817 711 3885 23
735 3817 816 3871 Paua
840 3816 881 3871 VI
904 3816 934 3884 2;
961 3817 1044 3886 Verg.
1062 3818 1129 3871 Aen.
1149 3817 1174 3870 X
1198 3816 1432 3885 ratseqq.;P1in.

255 3899 344 3970 Epist.
363 3901 392 3955 H
410 3901 451 3971 20,
470 3903 494 3956 4.
668 3901 688 3971 ⁹)
707 3901 750 3958 El.
767 3901 915 3970 826saqq.;
934 3917 1016 3970 supra
1034 3919 1059 3970 p.
1077 3901 1102 3956 b.

344 4001 366 4073 ³)
384 4021 409 4060 v.
428 4005 502 4060 Suet.
523 4005 583 4060 Diu.
602 4005 654 4059 Iul.
673 4005 706 4058 77
725 4005 774 4073 al.;
792 4020 876 4073 supra
893 4022 918 4074 p.
938 4005 978 4060 15.
1144 4004 1166 4074 ⁴)
1184 4005 1218 4060 de
1236 4003 1290 4060 div.
1308 4005 1323 4058 I
1341 4004 1399 4059 119.

342 4089 363 4157 ⁵)
381 4088 414 4142 A.
426 4089 597 4158 Boissier,
611 4088 682 4144 Note
690 4105 741 4143 aar
752 4106 792 4143 aa
801 4106 927 4145 aoaocaa
939 4089 1085 4146 document
1094 4089 1269 4160 Babylonica
1280 4105 1308 4144 aa
1319 4106 1433 4160 rappor-

257 4177 320 4230 taot
344 4175 363 4228 d
381 4173 568 4244 l'eoctispa'ciae,
593 4175 698 4230 (iaaac
717 4173 783 4229 1901
801 4191 826 4244 p.
839 4175 920 4244 9seq.
939 4181 968 4230 et
984 4175 1078 4230 Rcvac
1089 4175 1239 4244 semetque
1252 4175 1319 4230 1902
1330 4192 1356 4244 p.
1368 4175 1433 4246 277,

258 4260 310 4316 Fr.
334 4260 548 4316 Lenormant
574 4261 591 4315 l.
616 4277 700 4330 supra
722 4278 748 4330 p.
766 4260 802 4315 30
823 4261 842 4315 l.
868 4278 894 4330 p.
912 4261 946 4316 56
967 4277 1053 4331 seqq.;
1080 4262 1114 4318 de
1140 4261 1183 4317 his
1207 4261 1288 4316 adeas
1316 4261 1433 4316 Caroli

256 4345 389 4402 Bezold
409 4345 634 4417 supplementum
651 4347 724 4402 infra
742 4364 768 4417 p.
786 4347 901 4416 ldaeqq.
921 4347 1052 4404 additum.
1206 4347 1227 4416 ⁶)
1245 4346 1263 4403 l.
1282 4347 1300 4403 l.
1318 4363 1344 4416 p.
1362 4347 1404 4402 81.
