3492 5092
673 1550 886 1652 OAPVT
914 1551 1209 1650 TERTIVM

439 1822 599 1904 Quoniam
622 1823 658 1888 iu
680 1842 718 1889 eo
741 1823 827 1905 quod
849 1822 1018 1889 antecedit
1040 1822 1149 1904 capite
1164 1827 1314 1888 veterum
1338 1821 1532 1903 scriptorum

354 1929 396 1991 dc
419 1925 593 2006 extispicio
616 1925 803 1992 sententias
818 1925 1021 2008 protulimus,
1043 1944 1130 1991 nunc
1152 1925 1231 2006 quid
1253 1924 1348 1991 nobis
1372 1927 1412 1990 de
1433 1925 1531 1990 huius

353 2027 403 2094 rei
424 2027 550 2110 origine
572 2047 611 2094 ac
633 2028 669 2095 vi
691 2031 886 2095 censendum
914 2028 958 2094 sit
980 2028 1300 2109 comprehendamus.
1345 2027 1418 2110 Qua
1438 2026 1473 2092 in
1495 2025 1553 2094 re'

352 2149 417 2197 non
439 2131 521 2196 satis
543 2131 745 2215 habebimus,
767 2136 807 2197 ut
828 2136 968 2214 veteres,
991 2130 1116 2196 dixisse
1136 2130 1339 2197 inventorem
1371 2132 1532 2211 quendam

352 2233 426 2299 sive
447 2234 611 2314 Delphum
633 2237 705 2300 sive
727 2235 887 2317 Tagetem
910 2233 1103 2299 mortalibus
1122 2233 1205 2299 illud
1227 2233 1435 2314 extispicium
1458 2251 1531 2313 pcr-

352 2336 475 2402 iectum
496 2336 564 2401 iam
593 2341 628 2401 et
657 2336 836 2417 expolitum
865 2336 1053 2402 tradidisse.
1103 2337 1188 2402 Nam
1220 2337 1317 2402 hodie
1346 2336 1463 2401 scimus
1493 2340 1533 2400 ιιι

353 2444 466 2505 cetera
487 2438 537 2504 ita
563 2438 772 2519 extispicium
795 2458 922 2520 quoque
952 2439 1048 2520 quasi
1078 2458 1118 2504 ex
1140 2439 1346 2504 incunabulis
1368 2437 1532 2520 paulatim

353 2541 532 2608 increvisse
562 2546 596 2607 et
617 2541 653 2606 in
676 2541 746 2607 dies
769 2542 875 2624 magis
904 2547 1105 2608 maturatum
1129 2560 1209 2608 esse.
1260 2541 1310 2607 Ao
1340 2539 1531 2624 diligentius

353 2645 439 2709 hauc
461 2643 496 2709 in
518 2662 584 2710 rem
601 2643 843 2725 inquirentibus
866 2650 1050 2711 eveterum
1065 2643 1265 2710 testimoniis
1279 2643 1373 2709 nobis
1389 2642 1531 2709 servatis

353 2747 436 2813 satis
459 2747 549 2813 clare
572 2748 680 2813 elucet
701 2749 790 2831 duos,
812 2753 851 2813 ut
872 2747 923 2812 ita
945 2746 1061 2828 dicam,
1083 2745 1249 2828 extispioii
1277 2747 1401 2830 gradus
1430 2744 1533 2811 fuisse

354 2854 388 2916 et
410 2851 499 2931 apud
521 2849 663 2916 Graecos
686 2855 721 2916 et
750 2851 839 2932 apud
861 2850 1029 2916 Etruscos,
1073 2850 1157 2914 Nam
1189 2868 1256 2915 una
1286 2849 1416 2929 quidem
1444 2849 1531 2913 ratio

354 2956 414 3036 est,
436 2969 501 3032 qua
517 2951 706 3035 dinoscitur,
721 2955 832 3018 utrum
847 2951 959 3018 adsint
981 2951 1016 3016 in
1032 2951 1118 3017 extis
1139 2970 1258 3033 omnes,
1281 2969 1365 3032 quac
1382 2951 1532 3030 debeant,

352 3058 464 3136 partes
485 3072 600 3120 necno:
623 3055 659 3119 id
681 3057 766 3135 quod
781 3073 822 3120 ex
844 3073 882 3120 eo
898 3054 1114 3137 cognoscitur,
1136 3057 1222 3135 quod
1245 3053 1356 3136 magni
1378 3051 1532 3118 momenti

353 3162 405 3223 est
434 3162 469 3222 et
498 3154 616 3240 ἄλοβον
644 3151 733 3241 ἧπαρ
761 3162 796 3224 et
825 3159 911 3221 iecur
937 3159 1004 3221 siae
1033 3159 1150 3238 copel&
1179 3159 1288 3222 altera
1316 3155 1401 3222 ratio
1430 3155 1531 3221 multo

353 3260 507 3326 subtilior
529 3260 688 3326 discernit
710 3260 859 3343 singulas
885 3266 1006 3344 partes,
1029 3281 1059 3327 v.
1075 3280 1100 3326 c.
1123 3261 1244 3331 κάνεον,
1266 3262 1437 3342 μάχαιραν,
1459 3258 1531 3342 τρά-

351 3360 455 3440 πεζαν
473 3362 542 3427 alia
558 3363 662 3446 signa,
684 3383 768 3444 quae
783 3363 938 3430 Romanis
960 3368 1039 3430 sunt
1060 3383 1156 3427 oenoe
1177 3364 1321 3440 miaocas,
1339 3381 1418 3443 pars
1435 3360 1532 3441 fami-

353 3465 459 3542 lans,
490 3470 582 3546 capot
610 3485 732 3529 mosam
760 3467 853 3532 talia.
911 3467 1024 3547 Neque
1060 3465 1159 3532 facile
1188 3483 1333 3531 erremus
1362 3467 1532 3530 censentes

352 3567 416 3632 hac
439 3585 567 3648 quoque
588 3567 624 3633 in
638 3588 684 3650 re,
710 3588 794 3650 quae
816 3569 1015 3652 simpliciora
1037 3568 1114 3651 sint,
1129 3567 1318 3648 antiquiora
1337 3567 1436 3632 etiam
1453 3583 1532 3631 esse.

352 3669 423 3735 Hoc
445 3669 497 3736 ita
519 3689 591 3737 esse
621 3673 865 3737 demonstratur
894 3671 988 3738 nobis
1017 3672 1160 3753 perbene
1183 3689 1229 3753 eo,
1259 3672 1353 3752 quod,
1383 3667 1532 3750 quamvis

353 3771 561 3839 artificiosior
583 3781 699 3854 postea
720 3775 850 3841 valeret
871 3774 967 3857 ratio,
1001 3772 1200 3854 simpliciora
1230 3773 1289 3838 illa
1311 3771 1416 3855 signa,
1444 3764 1532 3853 ἧπαρ

353 3871 472 3956 ἄλοβον
493 3880 528 3941 et
548 3877 635 3940 bear
654 3877 722 3940 siae
743 3877 842 3958 capite
869 3876 1023 3943 maiorem
1054 3894 1182 3957 semper
1202 3876 1364 3941 tenebant
1392 3872 1468 3948 vim,
1497 3873 1533 3936 id

354 3977 439 4056 quod
462 3976 651 4044 testimonia
675 3979 828 4064 docent.¹)
872 3978 946 4046 Nisi
968 3978 1077 4045 omnia
1106 3996 1165 4044 nos
1194 3976 1326 4060 fallunt,
1355 3978 1419 4042 duo
1448 3993 1533 4057 quae

352 4077 472 4144 Festus
495 4081 645 4148 servavit
666 4081 891 4166 testimoniali)
913 4081 1035 4148 auxilio
1057 4080 1152 4147 uobis
1175 4085 1261 4163 sunt,
1284 4084 1323 4145 ut
1344 4075 1532 4144 accuratius

440 4285 460 4353 ¹)
478 4285 512 4340 V.
525 4300 609 4353 supra
626 4300 651 4352 p.
669 4285 763 4339 8-21.

440 4368 460 4438 ¹)
478 4369 504 4424 S.
517 4386 543 4424 v.
556 4369 661 4439 rapallo
673 4373 738 4424 exta
749 4387 775 4440 p.
788 4371 839 4425 289
850 4371 885 4425 ll.
904 4377 933 4426 οι
944 4387 965 4426 s.
979 4387 1005 4426 v.
1018 4374 1097 4425 muta
1115 4373 1180 4424 cocta
1192 4386 1217 4438 p.
1228 4369 1278 4423 157
1290 4369 1340 4437 ll.;
1359 4382 1441 4435 snpra
1452 4381 1478 4434 p.
1491 4365 1532 4420 21.
