3492 5092
380 370 441 434 176
834 363 968 434 Georgius
985 363 1099 418 Bleoher
1524 360 1557 446 [6

376 617 381 626 ,
464 539 585 603 Thuc.
614 537 663 603 IV
684 537 735 618 92,
766 538 801 600 7:
839 541 914 609 Τοῖς
944 531 1042 617 ἱεροῖς
1071 535 1092 594 δ
1129 529 1204 614 ήμῖν
1231 533 1425 612 θυσαμένοις
1454 527 1557 595 καλὰ

380 643 593 724 φαίνεται,
616 637 714 720 ὁμόσε
735 645 878 722 χωρῆσαι
900 682 955 697 ...

463 777 563 842 Xen.
585 776 692 841 Anah.
714 775 776 857 18,
800 773 857 838 15:
886 769 1139 857 Ὁδέ(Κῦρος)
1162 764 1334 855 ἐπιστήσας
1366 763 1460 834 εῐπε
1488 770 1557 834 καὶ

377 878 513 962 λέγειν
541 876 901 947 ἐκέλευσεπᾶσιν,
932 873 996 939 δτι
1017 872 1155 937 καὶτὰ
1178 871 1270 958 ἱερὰ
1292 871 1398 935 καλδι
1420 871 1489 936 καὶ
1510 871 1557 935 τὰ

379 979 539 1066 σφάγια
561 974 676 1042 καλό.

462 1117 560 1183 Xon.
582 1116 688 1182 Anab.
703 1116 739 1181 ΙΙ
754 1117 783 1198 2,
806 1116 842 1182 3:
864 1111 1101 1199 (Κλέαρχος)
1124 1110 1211 1190 ἐλεξε
1229 1109 1354 1175 τοιάδε·
1376 1110 1471 1192 ἐμοὶ
1495 1157 1556 1173 ...

377 1222 574 1303 θυομένῳ
598 1214 710 1281 ἰέναι
732 1215 804 1281 ἐπί
821 1215 1001 1299 βασιλέα
1025 1213 1095 1278 οὐκ
1118 1208 1306 1295 ἐγίγνετο
1327 1211 1374 1276 τὰ
1397 1211 1557 1300 ἱερά...

378 1321 487 1385 ἰέναι
517 1318 559 1410 δὲ
585 1318 697 1404 παρὰ
725 1319 821 1394 τοὺς
849 1320 983 1404 Κύρου
1013 1315 1165 1402 φίλους
1190 1317 1297 1378 πάνυ
1329 1313 1434 1378 καλὰ
1461 1314 1556 1398 ἡμῖν

376 1422 423 1486 τὰ
445 1421 536 1510 ἱερὰ
557 1416 606 1507 ήν.
631 1416 746 1485 ὧδόύν
765 1420 823 1506 χρὴ
844 1430 957 1486 ποιεῖν.

461 1561 560 1626 Xen.
576 1560 682 1625 Anah.
698 1559 769 1642 V2,
784 1560 820 1624 9:
841 1557 873 1622 ‘0
887 1566 1081 1640 Ξενοφῶν
1096 1556 1399 1641 συνεχώρησετοῖς
1421 1552 1557 1639 ἱεροῖς

377 1662 618 1736 πιστεύσας·
634 1659 672 1724 οἱ
692 1660 953 1745 γὰρμόντεις
974 1655 1338 1742 ἀποδεδειγμένοι
1361 1649 1476 1740 ήσαν,
1493 1655 1556 1722 δτι

375 1765 482 1850 μάχη
504 1762 576 1845 μὲν
597 1759 729 1835 ἐσται,
751 1761 795 1825 τδ
817 1761 859 1825 δέ
880 1761 1002 1837 τέλος
1023 1760 1146 1824 καλὸν
1167 1768 1236 1845 τῆς
1258 1753 1413 1838 ἐξόδου.

462 1919 560 1984 Xen.
583 1919 690 1984 Anah.
712 1919 743 1982 V
765 1918 794 2000 4,
821 1917 879 1982 22:
915 1923 959 2000 Τῇ
989 1913 1025 1978 δὲ
1053 1913 1202 2001 ὑστεραίᾳ
1231 1915 1441 1990 θύσαντες
1462 1908 1556 1978 ἐπεὶ

376 2019 741 2106 ἐκαλλιερήσαντο,
768 2017 999 2104 ἀριστήσαντες,
1023 2016 1159 2104 ὀρθίους
1186 2017 1260 2092 τοὺς
1282 2015 1395 2095 λόχους
1416 2018 1554 2104 ποιησά-

374 2145 466 2206 μενοι
488 2122 821 2208 ...ἐπορεύοντο

461 2279 566 2344 Xen.
600 2279 706 2344 Anah.
737 2277 765 2340 V
796 2278 832 2358 6,
866 2277 922 2341 28;
963 2273 1005 2360 (Ὁ
1037 2283 1250 2361 Ξενοφῶν
1282 2267 1381 2360 εἶπε)
1417 2272 1472 2337 καὶ
1502 2283 1556 2336 νῦν

376 2378 560 2466 ἐθυόμην..
583 2381 640 2444 29:
662 2375 796 2454 Σιλανὸς
819 2375 856 2440 δέ
867 2399 926 2458 μοι
948 2375 966 2440 ὃ
986 2379 1135 2458 μάντις
1157 2374 1426 2461 ἀπεκρίνατο,
1448 2373 1484 2438 τὸ
1498 2373 1555 2457 μὲν

376 2485 535 2565 μέγιστον,
556 2479 603 2544 τὰ
618 2479 709 2566 ἱερὰ
724 2478 820 2543 καλὰ
836 2472 1067 2566 εἶναι·ήδει
1088 2477 1158 2564 γὰρ
1179 2479 1248 2542 καί
1270 2475 1340 2560 ἐμὲ
1362 2477 1433 2542 οὐκ
1448 2476 1554 2542 ἀπει-

376 2605 447 2668 ρον
476 2581 572 2648 ὄντα
594 2581 665 2646 διὰ
685 2581 729 2646 τδ
752 2580 818 2645 ἀεὶ
838 2591 1041 2668 παρεῖναι
1060 2580 1306 2667 τοῑςὶεροῑς.
1330 2577 1416 2660 ἐλεξε
1438 2578 1483 2654 δέ,
1506 2579 1555 2644 δτι

377 2683 528 2762 ἐντοῖς
550 2683 899 2771 ἱεροῖςφαίνοιτύ
921 2681 1205 2759 τιςδόλοςκαὶ
1227 2682 1430 2768 ἐπιβουλή
1452 2681 1553 2766 ἐμοί.

462 2824 560 2888 Xen.
592 2823 698 2888 Anab.
721 2821 769 2888 VI
791 2823 820 2904 2,
844 2823 900 2888 15:
922 2829 1115 2905 Ξενοφῶν
1137 2815 1552 2906 ...ἐπεχείρησεν...

377 2919 617 2988 ἐκπλεῦσαι.
658 2925 850 3008 θυομένῳ
885 2921 927 2988 δέ
959 2921 1066 3006 αύτῷ
1096 2933 1140 3004 τῷ
1169 2921 1298 3006 ἡγεμόνι
1326 2921 1476 3007 Ἠρακλεῖ
1499 2922 1553 2988 καὶ

377 3029 578 3111 κοινουμένῳ,
604 3025 727 3113 πότερα
748 3025 832 3109 λῷον
854 3024 909 3088 καὶ
932 3023 1059 3106 ἀμεινον
1081 3022 1128 3112 ε’ίη
1155 3027 1387 3111 στρατεύεσθαι
1407 3021 1427 3107 ἢ
1449 3023 1553 3089 ἀπαλ-

375 3129 561 3201 λάττεσθαι,
578 3122 774 3215 ἐσήμηνεν
789 3126 806 3192 ὃ
821 3126 1021 3203 θεδςτοῖς
1043 3125 1165 3214 ἱεροῖς
1180 3129 1551 3213 συστρατεύεσθαι.

461 3267 559 3332 Xen.
574 3266 681 3332 Anah.
697 3266 744 3331 VI
759 3268 789 3348 4,
811 3267 846 3331 9:
869 3263 947 3328 ’En'
970 3261 1101 3347 ἐξόδῳ
1125 3263 1275 3329 ἐθύετο
1297 3274 1551 3351 Ξενοφῶν...

376 3362 448 3431 ἐπεὶ
470 3365 505 3431 δὲ
526 3366 574 3430 τὰ
596 3364 687 3451 ἱερὰ
709 3361 891 3450 ἐγένετο,
915 3364 1044 3431 εἵποντο
1066 3368 1121 3431 καὶ
1143 3365 1175 3430 οί
1193 3366 1349 3453 Ἀρκάδες.
1509 3387 1510 3390 ’

461 3505 559 3570 Xen.
581 3505 688 3570 Anab.
710 3504 809 3588 VM,
834 3505 889 3571 13:
928 3507 1157 3586 θυομένοις
1179 3502 1223 3568 δὲ
1245 3503 1317 3568 ἐπὶ
1337 3515 1382 3588 τῇ
1404 3503 1550 3589 ἀφόδῳ

377 3605 446 3671 ούκ
468 3604 656 3690 ἐγίγνετο
677 3605 724 3670 τὰ
749 3605 848 3691 ίερύ.
876 3608 988 3694 ταύτην
1010 3605 1066 3689 μὲν
1087 3601 1142 3671 οὖν
1163 3605 1216 3692 τήν
1230 3605 1349 3692 ἡμέραν
1364 3601 1551 3672 ἐπαύσαντο.

460 3761 558 3826 Xen.
581 3761 687 3828 Anab.
717 3761 765 3826 VI
795 3763 824 3843 4,
846 3763 902 3828 16;
937 3763 1128 3845 θυομένῳ
1157 3759 1199 3824 δὲ
1228 3759 1357 3824 πάλιν
1379 3759 1441 3838 εἰς
1461 3760 1551 3847 τρίς

376 3861 447 3926 ἐπὶ
468 3873 513 3946 τῇ
536 3860 682 3948 ἀφόδῳ
705 3861 775 3926 οὐκ
797 3860 985 3946 ἐγίγνετο
1006 3862 1054 3926 τὰ
1077 3860 1177 3948 ἱερά.

460 4017 557 4082 Χεη.
580 4017 682 4083 Anah.
704 4017 873 4101 V14,17:
895 4010 982 4082 Εἶπε
1003 4015 1103 4080 πάλιν
1124 4025 1288 4102 Ξενοφῶν·
1313 4064 1319 4079 .
1338 4064 1344 4079 .
1363 4064 1369 4079 .
1389 4014 1459 4082 ἐπὶ
1481 4017 1551 4100 μὲν

375 4129 419 4202 τῇ
448 4121 619 4204 πορείᾳ,
649 4117 695 4194 ὡς
724 4115 827 4203 δρᾶτε,
856 4119 903 4183 τὰ
926 4119 1017 4202 ίερὰ
1038 4119 1146 4184 ούπω
1175 4122 1382 4204 γίγνεται·
1412 4131 1487 4185 τῶν
1508 4118 1551 4186 δὲ

376 4215 628 4307 ἐπιτηδείων
664 4218 742 4306 δρῶ
774 4219 880 4303 ὑμᾶς
916 4221 1149 4304 δεομένους.
1190 4219 1344 4309 ἀνάγκη
1378 4217 1447 4288 σύν
1479 4245 1550 4306 μοι

375 4321 493 4386 δοκεῖ
516 4317 625 4388 εἶναι
653 4325 842 4388 θύεσθαι
863 4324 962 4409 περὶ
983 4323 1108 4388 αὐτοῦ
1129 4326 1285 4389 τούτου.
