3492 5092
219 333 272 422 15]
617 335 658 389 De
677 335 818 403 extispicio
836 335 928 404 eapite
945 335 1000 390 trin
1335 339 1398 404 185

304 506 381 571 Iul.
400 505 581 587 'Obsequ
602 526 627 572 o.
649 507 727 571 112:
750 506 966 572 Herennio
982 509 1149 573 consuli
1171 508 1236 574 bis
1259 509 1397 576 immo-

218 608 331 674 lanti
354 613 484 689 caput
505 607 715 674 iocinoris
739 608 890 675 defuit.

302 728 379 794 Iul.
399 727 581 816 Obsequ.
604 747 630 794 e.
654 730 732 794 115:
758 728 958 794 Lucilius
981 729 1123 811 Lupus
1146 730 1309 811 spretis
1332 715 1397 796 re-

217 830 479 914 ligionibus,
502 849 588 896 oum
610 831 654 895 in
677 831 792 897 extis
814 836 941 912 caput
967 851 1046 898 uon
1068 831 1316 899 invenisset
1337 833 1397 898 io·

217 933 379 999 oinoris
401 985 408 999 .
432 985 439 999 .
462 985 468 998 .
491 933 526 998 in
543 933 667 1015 proelio
690 933 858 1000 occisus
882 939 955 999 est..
1373 957 1376 963 ·

304 1052 382 1118 Cio.
406 1055 446 1118 de
469 1051 534 1119 div.
556 1053 575 1118 I
597 1053 654 1118 85:
677 1052 825 1135 Quid...
848 1054 950 1119 habet
970 1055 1144 1137 haruspex,
1168 1074 1240 1120 our
1261 1057 1396 1137 pulmo

217 1155 383 1222 incisus
406 1154 508 1222 etiam
531 1155 566 1220 in
589 1155 712 1220 bouis
736 1155 849 1220 extis
872 1155 1007 1221 dirimat
1038 1159 1168 1238 tempus
1192 1161 1226 1222 et
1248 1157 1397 1239 proferat

217 1257 328 1324 diem?

303 1368 382 1434 Cio.
414 1371 454 1435 de
470 1369 542 1442 div.
572 1369 688 1434 1128:
722 1368 793 1452 Quo
815 1371 908 1434 modo
933 1375 983 1434 est
1013 1369 1166 1434 collatum
1189 1369 1279 1436 inter
1308 1370 1395 1452 ipsos

216 1471 445 1556 (haruspices),
468 1491 552 1552 quae
575 1490 674 1553 pars
697 1470 889 1555 inimica,
920 1491 1004 1552 quae
1030 1491 1131 1553 pars
1157 1471 1395 1538 familiaris

204 1579 320 1658 ¹esset:
350 1577 436 1655 quod
458 1574 610 1640 lissum
640 1573 894 1656 periculum,
926 1577 1011 1655 quod
1041 1577 1289 1641 commodum
1314 1575 1394 1640 ali·

216 1679 325 1758 quod
347 1675 623 1742 ostenderet?
639 1727 646 1741 .
662 1728 692 1742 ..
715 1675 772 1741 29:
791 1695 855 1742 non
877 1676 985 1742 dicam
1006 1677 1296 1759 gallinaceum
1318 1677 1394 1761 fel,

217 1818 255 1826 —
280 1779 477 1862 senserim,
508 1779 564 1860 qui
586 1779 641 1846 vel
668 1779 882 1862 argutissima
900 1780 982 1846 haee
1010 1784 1090 1845 exta
1120 1792 1192 1848 esse
1216 1781 1330 1847 dicant
1355 1819 1392 1828 —

214 1885 274 1948 sed
296 1881 417 1949 tauri
440 1881 568 1963 opimi
589 1881 725 1964 iecur,
748 1886 820 1947 aut
842 1901 927 1964 eor,
950 1887 1024 1947 aut
1045 1883 1190 1964 pulmo.

301 2001 380 2068 Cio.
411 2004 451 2068 de
481 2001 545 2068 div.
572 2001 607 2067 ΙΙ
636 2001 694 2067 38:
728 2001 807 2066 Cum
835 2001 986 2082 pluribus
1019 2001 1082 2066 diis
1112 2002 1307 2085 immolatur,
1339 2005 1394 2083 qni

214 2105 348 2171 tandem
371 2104 491 2186 evenit,
514 2107 552 2170 ut
573 2103 734 2169 litetur
757 2103 881 2187 aliis,
904 2103 1009 2169 aliis
1031 2121 1110 2168 non
1132 2103 1318 2169 litetur?

214 2211 252 2272 ut
285 2205 365 2292 (dei)
399 2206 550 2288 primis
582 2205 799 2273 minentur
832 2205 963 2290 extis,
996 2207 1101 2272 bene
1132 2205 1393 2288 promittant

213 2308 390 2376 secundis?
503 2314 542 2375 ut
571 2309 733 2391 Apollinis
767 2312 868 2374 exta
901 2312 1012 2376 bona
1038 2309 1122 2392 sint,
1152 2309 1281 2374 Dianae
1313 2327 1392 2374 non

212 2411 347 2479 bona?
363 2464 370 2476 .
386 2463 416 2477 ..
439 2415 477 2477 tu
493 2411 624 2493 quidem
643 2430 708 2477 non
723 2411 905 2477 hostiarum
928 2431 1037 2479 casum
1060 2411 1232 2478 confirmas
1255 2410 1392 2478 sortium

213 2513 437 2598 similitudine,
459 2517 518 2580 sed
538 2513 686 2580 infirmas
709 2517 814 2580 sortes
838 2513 1022 2581 conlatione
1043 2515 1234 2582 hostiarum.

299 2634 411 2700 Suet.
426 2633 503 2702 Div.
519 2634 581 2700 Iul.
604 2636 661 2700 77:
684 2633 827 2714 quue
850 2634 1137 2717 arrogantiae
1160 2653 1391 2717 progressus

212 2737 449 2820 esthesar‚
472 2743 517 2803 ut
538 2736 944 2819 haruspioetristia
966 2741 1005 2802 et
1026 2736 1119 2802 sine
1142 2739 1267 2803 corde
1289 2742 1393 2803 exta

212 2858 335 2906 sacro
362 2841 537 2920 quodam
560 2839 795 2905 nuntiante
816 2838 967 2904 lutura
990 2838 1158 2905 diceret
1186 2839 1391 2922 laetiora,

211 2960 298 3007 oum
323 2941 477 3023 vellet3
500 2961 574 3008 neo
595 2960 668 3024 pro
692 2945 863 3007 ostento
886 2943 1138 3026 ducendum,
1172 2943 1209 3008 si
1237 2945 1390 3024 pecudi

211 3062 281 3110 eor
302 3043 529 3110 defuisset.

297 3154 372 3221 Iul.
396 3154 572 3235 obsequ.
596 3174 621 3219 o.
638 3155 714 3219 127:
738 3153 915 3220 Caesari
938 3153 1154 3220 dictatori
1178 3159 1277 3218 exta
1298 3153 1390 3219 siue

216 3260 343 3323 corde
366 3256 547 3325 inventa

298 3377 377 3443 Cic.
411 3378 452 3443 de
485 3377 550 3444 div.
583 3376 702 3442 1119:
736 3375 919 3460 (Caesar)
952 3393 1024 3440 cum
1057 3375 1300 3442 immolaret
1334 3375 1390 3443 illo

211 3479 282 3562 die„
302 3498 366 3561 quo
387 3479 527 3561 primum
549 3479 585 3545 in
607 3481 690 3546 sella
712 3497 814 3544 aurea
835 3477 928 3560 sedit,
955 3483 990 3544 et
1011 3497 1083 3543 oum
1106 3498 1274 3561 purpurea
1295 3485 1391 3546 veste

210 3582 379 3664 prooessit,
395 3582 438 3647 in
454 3581 706 3648 extisbovis
722 3579 850 3663 opimi
872 3599 942 3646 oor
963 3580 1164 3647 nonfuit.
1181 3581 1390 3663 ..Spurinna

210 3681 320 3769 (dixit)
335 3684 566 3751 timendum
587 3703 698 3768 esse,
720 3703 768 3750 ne
792 3687 833 3750 et
856 3682 1085 3750 consilium
1107 3689 1150 3750 et
1171 3684 1388 3751 vitadefi-

210 3791 344 3869 oeret3
366 3805 508 3852 earum
532 3788 639 3852 euim
657 3805 797 3852 rerum
819 3791 1081 3867 utramquoa
1103 3788 1229 3852 corde
1251 3786 1390 3869 profi-

210 3887 327 3955 cisci.
346 3895 476 3970 postero
491 3889 545 3956 die
561 3893 690 3971 eaput
711 3887 753 3954 in
771 3888 915 3954 ieoore
937 3906 1015 3954 nou
1037 3887 1135 3954 fuit
1159 3907 1244 3971 quae
1259 3888 1388 3970 quidem

210 3989 260 4056 illi
281 3991 565 4073 portendebantur
584 4011 605 4057 a
627 3991 692 4056 diis
714 3989 962 4073 immortalibus,
993 3996 1031 4056 ut
1056 3989 1187 4057 videret
1209 3990 1388 4073 interitum,

209 4111 273 4159 uon
295 4098 334 4159 ut
356 4093 528 4178 caveretl)

296 4229 316 4298 ¹)
334 4229 374 4285 Cf.
387 4229 459 4284 Pliu.
478 4229 511 4286 N.
524 4230 558 4284 H.
571 4229 612 4284 XI
623 4228 687 4298 186;
707 4229 835 4299 Polyaen.
848 4229 932 4286 Strat.
944 4230 1015 4286 VIII
1026 4231 1068 4300 23,
1085 4231 1119 4285 32
1129 4245 1199 4298 seq.;
1217 4229 1278 4285 Vel.
1290 4230 1361 4284 Max.
1375 4231 1388 4284 1

208 4313 233 4382 6,
252 4315 299 4385 13;
317 4315 434 4384 Appiau.
452 4315 514 4370 bell.
532 4314 584 4371 civ.
602 4315 632 4369 11
650 4315 701 4369 116
718 4321 747 4371 et
765 4317 828 4386 1523
853 4316 927 4372 Suet.
946 4315 1010 4372 Div.
1029 4317 1081 4372 Iul.
1093 4316 1140 4384 813
1158 4316 1232 4371 Plut
1252 4315 1328 4370 Caes.
1346 4315 1388 4369 63.
