3492 5092
238 310 294 398 43]
641 311 682 365 De
702 310 843 380 extispicio
862 311 953 379 capita
970 312 1025 366 tria
1359 315 1422 380 213

241 482 310 549 tere
341 480 545 561 temporibus
574 479 746 545 Plinius
776 479 908 545 maior
932 484 1037 545 natu
1064 484 1209 547 testatur
1231 484 1315 546 circo
1345 485 1420 547 ιιιίί-

238 586 371 666 spe‘cc‘am
400 602 547 664 mappam
569 582 748 646 mortalium
767 583 938 663 portionem
966 581 1125 667 haereroe)
1170 584 1219 650 Ac
1248 585 1421 651 Plinius

240 687 345 752 minor
367 688 409 751 ab
432 683 624 766 aequalibus
653 684 730 750 huic
756 683 955 751 divinationi
983 704 1141 751 summum
1167 687 1329 752 tributum
1351 706 1423 753 esse

240 778 398 856 memorat
420 787 655 871 momentum.‘³)
689 787 827 853 Galba
856 787 1093 868 imperator
1114 790 1228 854 eadem
1251 789 1422 856 divinandi

239 891 369 958 ratione
409 909 488 956 usus
526 895 585 972 est,
621 889 657 954 id
690 891 774 970 quod
814 889 990 956 Suetonius
1027 890 1202 957 memoriae
1244 891 1422 978 tradidit,¹³)

241 996 353 1060 eadem
383 993 716 1078 Vespasianum)
752 997 794 1058 et
824 992 984 1078 Titusl)
1036 993 1183 1059 Taciti
1215 996 1255 1060 dc
1287 995 1350 1060 hac
1385 1015 1422 1062 re

240 1097 397 1162 iudicium
431 1097 539 1162 elucet
577 1115 595 1160 c
632 1095 743 1162 verbis
779 1095 836 1158 has
871 1095 1014 1176 σικίναριε
1046 1101 1075 1159 τί
1118 1099 1223 1161 είαίίικ
1267 1103 1423 1180 εααυγενσί

239 1200 330 1279 famo
351 1204 379 1262 ct
399 1203 474 1262 ίκκο
495 1198 651 1279 opertebat
673 1197 728 1282 (sc.
751 1197 936 1282 ratapant&
980 1199 1123 1264 Maxime
1145 1204 1256 1266 autem
1279 1201 1422 1267 delecta·

240 1320 312 1366 mur
335 1299 533 1383 curatione,
565 1320 631 1382 qua
663 1301 855 1383 Phlegon
888 1301 1157 1384 Trallianus,
1180 1305 1218 1366 ut
1248 1302 1316 1368 alia
1338 1302 1421 1370 divi-

240 1404 384 1470 nationis
410 1423 543 1488 genera,
565 1404 616 1469 ita
646 1403 852 1485 extispicium
876 1422 1003 1485 quoque
1026 1404 1192 1470 connectit
1225 1423 1297 1470 cum
1327 1404 1420 1472 fabu-

240 1507 310 1572 losa
340 1506 467 1589 Sibylla
503 1505 653 1588 fatidica,
688 1509 728 1572 de
761 1525 826 1586 qua
859 1507 962 1572 verba
993 1505 1076 1572 facit
1108 1507 1239 1593 haec⁷):
1268 1505 1322 1570 διὰ
1350 1508 1420 1570 τού-

239 1631 294 1672 του
315 1619 372 1672 τοῦ
403 1619 547 1694 χρησμοῦ
567 1607 675 1694 (quem
697 1613 797 1674 antea
828 1609 1059 1694 exscripserat)
1090 1607 1316 1674 ἀποδείκνυται
1344 1607 1422 1673 δέκα

240 1710 348 1792 γενεὰς
376 1710 470 1796 αὐτὴν
491 1709 560 1774 κατ’
583 1709 776 1795 ἀνθρώπους
793 1713 961 1793 γεγονέναι,
991 1711 1045 1774 καὶ
1070 1711 1151 1793 μετὰ
1179 1711 1233 1798 την
1259 1711 1421 1798 ἀναχώρτμ

242 1834 290 1877 σιν
318 1813 371 1895 τὴν
401 1808 436 1876 ἐκ
464 1824 521 1876 τοῦ
544 1812 607 1898 ζῆν,
637 1822 692 1899 τῆς
719 1813 777 1895 μὲν
805 1822 911 1898 ψυχῆς
940 1814 1021 1878 κατὰ
1049 1813 1103 1878 τὸν
1132 1813 1212 1898 ἀέρα
1234 1820 1420 1903 φερομένης,

241 1917 295 1980 καὶ
318 1918 588 2002 προσπιπτούσης
609 1924 678 1991 τοῖς
699 1912 765 1979 ὑπὸ
783 1926 846 1979 τῶν
869 1914 1054 2001 ἀνθρώπιον
1074 1916 1291 2001 λαλουμένοις,
1313 1938 1421 2002 παρα-

242 2020 407 2084 σκεσόσειν
438 2018 495 2094 τὰς
523 2022 692 2100 γενομένας
713 2017 867 2102 κλῃδόνας
900 2017 955 2082 διὰ
983 2029 1044 2082 τῶν
1072 2018 1182 2103 λόγων,
1208 2030 1266 2084 τοῦ
1299 2018 1334 2082 δὲ
1357 2023 1419 2084 σώ-

238 2143 341 2203 ματος
381 2120 509 2207 ἀτόφσυ
549 2125 718 2203 γενομένου
746 2120 786 2183 τὰ
813 2118 872 2203 μὲν
894 2118 988 2208 όρνεα
1016 2131 1080 2184 τῶν
1109 2133 1235 2207 σαρκῶν
1265 2122 1419 2208 φαγόντα,

238 2223 293 2308 τὴν
307 2223 362 2289 διὰ
373 2233 427 2310 τῆς
438 2222 692 2309 όρνιθοσκοπίας
706 2226 859 2306 μαντείαν
870 2222 1099 2309 διασημαίνειν,
1120 2235 1176 2288 τοῦ
1188 2223 1223 2288 δὲ
1237 2223 1419 2290 ὑπολοίπου

240 2330 355 2412 μέρους
384 2325 431 2405 εἰς
458 2327 512 2412 τὴν
540 2337 595 2413 γῆν
625 2331 790 2404 σαπέντος,
821 2328 876 2392 καὶ
896 2327 936 2392 τὰ
958 2328 1050 2415 κτήνη
1072 2327 1215 2413 φαγόντα
1233 2336 1287 2414 τῆς
1309 2325 1345 2392 ἐκ
1366 2336 1421 2414 τῆς

240 2438 295 2516 γῆς
328 2435 490 2517 φυομένης
518 2431 615 2506 πόας,
647 2430 702 2515 τὴν
732 2429 992 2515 ἡπατσσκοπικὴν
1023 2428 1069 2506 εἰς
1097 2430 1151 2495 τόν
1179 2433 1251 2514 βίον
1281 2430 1420 2512 εἰσάξειν

239 2536 355 2619 τέχνην.

325 2636 625 2703 Artemidorus
654 2641 788 2718 praeter
814 2642 919 2703 artem
944 2635 1186 2721 ὀνειροκριτικην
1208 2636 1420 2719 extispicium

242 2758 369 2820 quoque
383 2757 465 2806 vera
480 2739 669 2820 praedicere
688 2739 850 2821 censet⁸);
873 2739 1083 2821 Apuleius
1102 2739 1420 2821 Madaurensis,

242 2842 299 2922 qui
322 2841 583 2908 Platonicus
606 2841 720 2909 vocari
742 2843 836 2925 solet,
866 2842 1019 2924 exposuit
1047 2843 1186 2925 singulis
1209 2842 1420 2908 daemonibus

241 2944 386 3010 tributas
419 2963 491 3010 esse
521 2948 629 3010 certas
662 2944 849 3026 provincias
882 2945 928 3008 σαί
958 2947 1087 3009 somata
1116 2944 1348 3026 οοαέονικακδιε
1375 2945 1421 3009 ντί

242 3047 319 3112 aaa
338 3046 595 3131 fissicaloadis.⁹)
639 3047 693 3113 Ad
715 3049 888 3114 daemones
904 3047 989 3113 enim
1004 3047 1230 3130 libentissime,
1253 3047 1316 3113 etsi
1331 3047 1421 3112 haud

241 3168 369 3231 semper
377 3148 519 3215 dilucide
528 3148 742 3216 deferebatur
753 3150 857 3216 omnis
865 3149 1082 3233 divinatam)
1100 3150 1179 3216 Cum
1187 3148 1327 3230 Apuleio
1338 3148 1420 3214 fecit

241 3252 447 3318 Maximus
468 3251 641 3335 Tyrius,
663 3252 720 3334 qui
743 3271 761 3318 e
783 3251 987 3319 divinatione
1009 3253 1142 3318 deorum
1164 3250 1326 3316 conclusit
1347 3269 1420 3318 esse

172 3397 175 3403 ι
240 3353 536 3440 providentiam.1¹)
581 3354 646 3421 Sed
668 3354 703 3420 iu
726 3373 787 3420 usu
809 3372 935 3435 quoque
956 3352 1060 3419 fuisse
1071 3352 1281 3435 extispicium
1303 3351 1419 3435 primis

240 3478 271 3538 p.
300 3457 373 3523 Chr.
395 3477 426 3522 n.
456 3457 599 3523 saeculis
628 3458 786 3524 habemus
808 3455 1047 3522 testimonium:
1080 3474 1156 3522 nam
1187 3456 1420 3523 Caracalla

240 3559 477 3641 imperator
499 3561 542 3626 ab
566 3559 653 3626 extis
669 3559 851 3642 desumpsit
872 3559 1027 3643 signam)
1050 3563 1165 3624 contra
1188 3558 1258 3625 eius
1271 3558 1418 3639 aequalis

327 3763 346 3830 ¹)
364 3763 397 3818 N.
416 3763 450 3818 H.
469 3765 539 3820 VIII
558 3765 615 3819 102.
721 3764 742 3831 ²)
760 3763 848 3832 Epist.
866 3764 896 3818 H
913 3763 954 3831 20,
973 3763 997 3817 4.
1103 3761 1125 3831 ⁸)
1143 3761 1231 3818 Galba
1249 3763 1289 3817 19.

324 3848 346 3918 ⁴)
365 3849 428 3904 Tac.
447 3850 511 3905 bist.
530 3851 559 3904 Il
577 3850 619 3904 78.
723 3850 745 3920 ⁵)
763 3850 827 3904 Tac.
845 3849 909 3904 hist.
927 3849 999 3903 114.
1103 3847 1125 3918 ⁶)
1144 3848 1208 3903 Tac.
1226 3847 1291 3904 hist.
1309 3849 1340 3903 Il
1358 3847 1400 3902 78.

327 3934 347 4004 ⁷)
365 3935 406 3990 De
423 3935 549 4005 longaex.
567 3936 592 3988 4.
628 3935 669 3990 Oi.
687 3936 760 3990 Plut.
779 3935 813 3990 de
831 3933 915 4003 Pyth.
936 3950 973 3988 or.
992 3934 1017 3989 9.

326 4019 347 4089 ⁸)
365 4019 485 4077 Ouirocr.
503 4021 533 4076 11
551 4021 592 4076 69.
696 4021 718 4091 ⁹)
737 4023 778 4076 Dc
795 4021 845 4076 deo
863 4021 932 4076 Socr.
951 4019 976 4075 6.

326 4104 359 4174 ¹⁰)
377 4105 437 4173 Qua
448 4107 482 4162 de
494 4123 524 4162 re
536 4107 658 4162 conferas
670 4123 740 4174 quac
757 4106 884 4175 exposuit
895 4105 1184 4162 Wachsmuthius
1201 4105 1220 4160 l.
1239 4121 1322 4174 supra
1339 4122 1365 4175 p.
1382 4106 1418 4160 38

239 4190 257 4245 l,
269 4203 295 4259 p.
308 4191 342 4246 29
351 4207 425 4260 seqq.
444 4198 473 4247 et
489 4192 586 4248 Iambl.
605 4193 639 4248 de
656 4198 738 4261 myst.
756 4193 824 4262 Aeg.
842 4192 887 4246 111
905 4192 919 4244 1
938 4196 967 4246 et
985 4191 1018 4244 15
1036 4199 1065 4246 et
1083 4191 1125 4246 16.

328 4276 361 4346 ¹¹)
380 4277 447 4332 XIV
465 4277 489 4332 7.
596 4276 628 4347 ¹¹)
647 4278 721 4332 Cass.
740 4277 792 4332 Dio
810 4275 957 4332 LXXVIII
975 4276 999 4330 7.
