3518 5082
340 319 402 384 172
795 313 930 383 Georgius
947 311 1059 368 Blerlrer
1483 313 1518 400 [2

338 487 555 570 disputarent,
575 483 793 552 similitudine
814 485 956 566 quadam
978 483 1099 549 Gracci
1119 501 1200 549 usus
1221 489 1257 549 et
1270 483 1412 549 Romani
1433 501 1517 549 com-

338 589 419 656 moti
440 589 542 656 etiam
563 606 611 669 ea,
634 606 719 670 quae
740 586 830 652 inter
851 605 887 652 se
902 589 1101 668 pugnarent,
1123 585 1335 652 coniectando
1358 591 1393 652 et
1413 586 1516 652 ratio·

338 691 476 758 cinando
497 690 695 757 concinnare
723 691 911 772 studerent,
940 695 976 754 et
1003 693 1178 770 utrumque
1205 707 1269 756 uuo
1298 688 1433 754 cicuta
1461 689 1516 756 vel

338 797 420 861 adeo
434 794 573 860 alterum
588 812 631 859 ex
644 793 751 858 altero
765 791 966 859 derivarent
995 791 1050 857 lta
1067 791 1283 857 Deeclrins
1306 810 1444 875 quoque,
1459 791 1515 873 qui

337 896 532 964 novimimus
547 897 611 961 luae
630 897 672 961 de
693 913 729 961 re
751 895 885 960 uberius
902 893 1060 960 disseruit
1077 893 1112 960 in
1126 894 1221 976 libro,
1242 893 1299 975 qni
1320 894 1517 961 inscribitur

337 998 536 1064 Etrwkisclre
555 997 778 1079 Forsclrmtpen
799 997 829 1061 V
849 1017 880 1078 p.
894 997 937 1063 65
952 1015 1049 1078 seqq,
1076 997 1113 1064 0.
1135 997 1337 1062 Muelleri
1359 996 1515 1079 probavit

338 1101 538 1168 sententiam
553 1099 749 1166 Graecorum
765 1099 1050 1180 Romanorumque
1065 1101 1107 1164 de
1122 1099 1296 1180 extispicio
1309 1099 1402 1181 leges
1417 1101 1515 1182 plane

337 1205 427 1270 inter
468 1222 504 1270 se
540 1202 753 1285 conspirasse.
818 1203 1000 1268 Pmeterea
1043 1208 1152 1268 autem
1197 1203 1364 1268 concludit
1400 1206 1515 1268 cenna

337 1307 588 1374 Muellerum
626 1325 644 1371 e
673 1304 872 1372 testimoniis
912 1305 1108 1386 quibusdam
1140 1306 1182 1370 de
1214 1304 1422 1370 orientalium
1459 1304 1516 1386 qui

336 1416 496 1477 vocantur
517 1409 709 1491 populorum
730 1408 902 1489 extispicio
932 1407 1027 1473 nobis
1050 1407 1195 1474 servatis
1226 1426 1267 1473 ex
1296 1407 1435 1473 orientis
1463 1426 1513 1473 re-

336 1511 489 1596 gionibus
510 1512 541 1577 lu
563 1530 590 1577 e
612 1529 631 1575 e
653 1509 892 1592 Mesopotamia
913 1511 1085 1576 oriundam
1115 1528 1188 1576 esse
1209 1509 1378 1592 extispicii
1399 1515 1514 1577 artem.

336 1615 430 1680 Haec
457 1631 536 1680 vero
565 1631 624 1679 nos
653 1611 783 1692 quidem
809 1612 943 1694 saepius
980 1613 1117 1678 eandem
1144 1611 1369 1693 quaestionem
1406 1611 1514 1678 animo

336 1720 507 1782 versantes
537 1716 747 1797 comprobare
774 1734 839 1781 non
869 1733 1047 1796 possumus.
1091 1715 1165 1797 Qua
1194 1716 1234 1780 de
1263 1734 1365 1781 causa
1394 1714 1514 1780 iterum

336 1821 378 1884 de
407 1817 578 1898 extispicio
608 1816 813 1883 instituimus
849 1817 1119 1899 disquisitionem.
1177 1817 1227 1882 Ac
1256 1808 1391 1900 prin‘ro
1417 1816 1515 1883 huius

336 1920 649 1987 dissertatiunculae
685 1921 794 2002 capite
818 1939 899 2002 per
943 1919 1100 2002 temporis
1131 1921 1278 1986 ordinem
1315 1920 1514 2004 collegimus,

336 2030 493 2105 quantum
514 2022 588 2089 fieri
608 2023 727 2108 potuit,
756 2023 865 2089 omnia
885 2022 1076 2089 testimonia
1105 2025 1234 2089 Graeca
1264 2028 1299 2089 et
1321 2024 1469 2089 Romana
1479 2023 1516 2108 ¹),

335 2131 374 2193 ut
395 2127 582 2192 accuratius
611 2128 717 2192 denuo
745 2124 834 2191 inter
862 2144 899 2191 se
927 2125 1110 2207 comparari
1142 2131 1292 2208 possent3
1324 2144 1390 2206 qua
1418 2125 1455 2191 in
1475 2145 1512 2191 re

336 2247 505 2311 speramus
541 2247 648 2308 neque
683 2228 789 2293 multa
824 2246 931 2309 neque
962 2228 1082 2310 gravia
1111 2247 1170 2294 uos
1201 2227 1336 2310 fugisse.
1394 2227 1512 2310 Capite

335 2331 477 2396 altero
506 2332 547 2396 de
577 2329 785 2410 antiquorum
814 2330 992 2396 sententiis
1019 2336 1055 2396 et
1084 2329 1398 2413 interpretamentis,
1428 2350 1513 2412 quae

335 2438 414 2498 sunt
435 2435 475 2499 de
495 2431 677 2516 extispicio,
708 2432 896 2499 referemus.
940 2433 1098 2516 Denique,
1128 2433 1331 2515 quidnobis
1361 2435 1402 2498 de
1430 2434 1513 2500 exti-

335 2533 431 2617 spicii
453 2534 580 2618 origine
602 2553 641 2601 ac
664 2534 699 2602 vi
721 2537 916 2602 censendum
938 2537 991 2619 sit,
1014 2555 1209 2618 exponemus
1233 2536 1343 2618 capite
1365 2536 1515 2602 tertio.

422 2721 442 2791 ¹)
461 2722 595 2777 Romanos
617 2721 736 2790 plurima
758 2722 883 2777 Etruscis
906 2722 1030 2778 debuisse
1053 2723 1108 2778 iam
1131 2723 1260 2778 hocloco
1283 2739 1420 2792 moneem3
1447 2739 1511 2778 uam

332 2808 514 2863 Romanorum
531 2807 677 2875 extispices
694 2807 826 2863 Etruscos
845 2807 930 2862 inisse
942 2807 1053 2863 natione
1071 2808 1097 2863 J.
1115 2808 1297 2864 Ravenius
1314 2809 1516 2864 demonstravit

333 2891 523 2948 dissertatione
540 2909 561 2947 s.
579 2892 597 2947 l.
