3492 5092
319 407 382 472 242
772 402 906 472 Georgius
923 402 1036 457 Blacher
1440 405 1493 490 [72

318 577 482 643 Diodorus
493 574 587 640 nobIs
598 573 705 639 tradit
715 572 740 658 ¹)
756 573 1067 656 Aegyptiorum
1078 591 1188 656 regem
1206 578 1285 640 exta
1300 574 1493 657 inspexisse.

318 679 359 745 In
381 675 515 760 Cypro
544 676 652 742 insula
681 676 852 739 wrtabsimc
878 673 957 755 fides
984 674 1152 740 habebatur
1173 676 1341 742 haedorum
1360 677 1456 759 μονα,
1469 681 1502 763 ’γ

319 779 384 848 Sed
424 798 489 846 non
525 780 559 845 in
604 776 740 844 orientis
784 779 887 843 solum
931 777 1122 860 regionibus
1173 781 1391 846 exercebatur
1432 782 1493 847 hoc

257 966 259 970 .
319 883 490 950 &sinendi
520 899 631 965 genus.
675 880 715 945 In
742 880 876 961 Europa
903 884 1038 960 praeter
1066 880 1208 946 Graecos
1218 880 1244 966 ⁸)
1266 881 1500 964 Romanosque

317 985 404 1052 aliae
443 985 596 1051 nationes
634 988 782 1048 extorum
819 982 1000 1048 utebantur
1043 979 1212 1065 prodigiis.
1279 985 1330 1049 De
1367 985 1492 1051 Lusi-

318 1094 512 1154 tanorum
534 1085 707 1167 extispicio
729 1085 848 1151 Strabo
871 1087 1080 1167 geographus
1101 1087 1234 1152 rettulit
1255 1087 1309 1152 his
1327 1087 1440 1154 verbis
1448 1088 1491 1172 ⁴):

317 1189 447 1254 θυτικοὶ
469 1187 504 1252 δὲ
519 1186 600 1252 εἰσὶν
617 1189 864 1266 Λυσιτανοί,
886 1187 927 1249 τά
940 1209 975 1250 τε
997 1186 1162 1271 σπλάγχνα
1185 1187 1415 1272 ἐπιβλέπουσιν
1437 1189 1493 1253 οὐκ

318 1291 523 1376 ἐκτέμνοντες,
544 1288 845 1376 προσεπιβλέπουσι
874 1287 989 1353 δὲκαὶ
1017 1290 1075 1366 τὰς
1104 1289 1138 1354 ἐν
1158 1301 1195 1376 τῇ
1224 1291 1347 1376 πλευρᾷ
1371 1291 1494 1378 φλέβας

317 1395 372 1459 καλ
393 1394 606 1480 ψηλαφῶντες
628 1391 663 1458 δὲ
683 1395 910 1478 τεκμαίρονται.
934 1391 1203 1476 σπλαγχνεύονται
1233 1391 1268 1458 db
1293 1394 1348 1458 καὶ
1369 1391 1412 1458 δι’
1442 1393 1493 1458 ἀν-

317 1499 464 1583 θρώπων
492 1495 700 1578 αἰχμαλώτων
728 1495 942 1570 καλύπτοντες
968 1496 1093 1578 σάγοις·
1128 1490 1194 1560 εἶθ’
1217 1495 1292 1560 ὅταν
1319 1496 1424 1584 πληγῇ
1454 1499 1493 1562 τὰ

318 1599 485 1682 σπλάγχνα
512 1595 575 1662 ὑπὸ
596 1605 653 1662 τοῦ
675 1596 865 1682 ἱεροσκόπον
887 1599 1094 1679 μαντεύονται
1117 1609 1243 1683 πρῶτον
1265 1597 1301 1662 ἐκ
1322 1611 1379 1662 τοῦ
1407 1611 1492 1664 πταν-

317 1723 425 1785 ματος.
469 1701 611 1768 Diodoro
641 1700 766 1786 beaw)
796 1700 1015 1767 Gallorum
1053 1701 1233 1767 druidae
1263 1699 1319 1765 διὰ
1348 1711 1402 1787 τῆς
1430 1715 1493 1766 τῶν

318 1804 438 1890 ἱερείων
459 1805 581 1878 θυσίας
608 1802 648 1866 τὰ
677 1801 832 1884 μέλλοντα
859 1801 1063 1888 προλέγουσι.
1107 1803 1199 1886 Quae
1227 1803 1299 1869 iure
1328 1807 1371 1870 ad
1408 1806 1499 1871 esti--

317 1907 454 1990 spicium
481 1906 655 1973 referenda
684 1925 754 1972 esse
784 1905 895 1971 Taciti
906 1905 930 1991 ⁶)
964 1908 1105 1988 probant
1141 1908 1246 1973 verba
1276 1909 1315 1972 de
1354 1907 1492 1973 Celtis

317 2009 592 2076 Britannicis
614 2009 720 2075 facta:
749 2009 907 2073 bominum
935 2009 1025 2090 fibris
1054 2010 1211 2074 conectere
1232 2009 1303 2074 deos
1330 2010 1384 2090 fos
1405 2009 1492 2074 booe-

317 2114 399 2179 bcat.
444 2113 595 2193 Denique
618 2112 735 2178 Strabo
765 2130 823 2178 nos
844 2112 976 2194 docctl)
1006 2113 1238 2179 Germanos
1261 2131 1388 2194 quoque
1410 2114 1493 2179 exti-

319 2215 456 2298 spicium
486 2233 671 2297 usurpasse.
721 2215 841 2280 Tradit
878 2215 964 2280 enim
997 2216 1037 2280 de
1068 2215 1328 2282 Cimbrorum
1365 2215 1494 2282 feminis
1564 2221 1568 2228 ’

317 2317 578 2385 vaticinantibus
606 2319 702 2382 haec:
739 2315 835 2380 ἄλλαι
864 2314 899 2380 db
922 2315 1128 2396 ὄιασχίσασαι
1157 2311 1391 2400 ἒσπλάγχνευον
1416 2313 1500 2380 ἀνα·

318 2420 542 2506 φθεγγόμεναι
563 2422 648 2505 νίκην
669 2428 737 2494 τοῖς
760 2415 930 2504 οἰκείοις.3)

402 2523 468 2590 sed
500 2541 602 2604 usque
631 2525 674 2588 ad
703 2527 849 2588 nostram
887 2527 1031 2589 aetatem
1061 2523 1237 2588 adhibetur
1266 2527 1415 2588 extorum
1443 2523 1492 2588 in-

317 2627 449 2708 spectio.
493 2626 727 2693 Germanorum
743 2627 924 2708 exemplum
939 2625 1079 2707 protulit
1101 2625 1324 2692 Wnttkius
1347 2625 1381 2690 in
1400 2625 1493 2708 libro,

317 2728 375 2810 qui
396 2727 589 2794 inscribitur
616 2728 788 2792 Deutscber
808 2727 1089 2812 Vottscbarptccbe.
1133 2727 1290 2811 Legimus
1313 2727 1410 2813 §272
1426 2728 1492 2794 edi-

317 2831 418 2897 tionis
439 2830 561 2896 tertiae
576 2831 674 2896 haec:
702 2830 802 2893 Weaa
823 2831 871 2894 ιλιι
886 2831 969 2894 Mota
990 2832 1072 2894 eines
1084 2829 1321 2914 pescblocbteten
1338 2829 1493 2904 Sobwco‘as

318 2933 573 3016 umpebtopptc'st,
584 2952 619 2996 so
630 2932 710 2996 burc
721 2931 930 3011 babtjemcaol
940 2935 984 2996 ι’νν
995 2931 1106 2997 Haase
1119 2933 1235 2997 sterben
1247 2931 1428 3018 (Altmurlc).
1452 2931 1492 2998 In

318 3037 377 3102 Fr.
392 3036 423 3102 S.
446 3034 647 3101 Kraussii
669 3035 753 3101 libro
775 3035 996 3101 illustrissimo
1025 3034 1230 3116 Voltsptaube
1244 3035 1301 3099 ελον
1321 3035 1493 3100 Sttdstaoec

318 3140 379 3205 hoc
401 3137 560 3219 scriptum
589 3137 739 3204 videmus
750 3138 790 3222 ⁰):
823 3137 887 3201 Bet
912 3137 970 3201 dea
995 3137 1216 3220 Attptdcbr‘pea
1247 3133 1385 3224 (dabra)
1414 3136 1493 3202 eoiret

317 3243 361 3304 ι’να
382 3241 585 3321 clipemec'aea
608 3241 666 3304 des
689 3239 832 3322 maban,
855 3240 977 3304 welches
1006 3241 1056 3304 cta
1076 3240 1258 3304 Festbratea
1287 3241 1396 3304 discere
1424 3241 1491 3322 soll,

320 3381 524 3390 -0-——2-u-2

351 3472 353 3478 ·
406 3445 764 3514 1’γΙ70,9,173,Π29.

406 3527 426 3600 ')
444 3529 508 3586 I'ac.
526 3529 589 3586 hist.
608 3530 638 3584 H
654 3531 684 3599 33
703 3531 736 3586 cf.
755 3531 835 3586 Paus.
854 3531 895 3586 VI
912 3532 935 3599 2,
954 3531 984 3599 43
1003 3530 1105 3584 Tatian
1122 3531 1157 3584 ad
1175 3529 1268 3584 Graec.
1287 3547 1312 3598 p.
1330 3531 1348 3584 3
1366 3529 1448 3586 Onon.

405 3613 426 3686 ⁸)
444 3613 467 3670 E
486 3615 571 3671 uariis
588 3615 717 3670 Graeciae
734 3615 890 3684 regionibus
908 3621 1102 3671 enumerantur
1119 3615 1263 3683 extispioes
1281 3615 1381 3670 Herod.
1399 3615 1439 3670 IX
1450 3617 1492 3684 37,

318 3703 359 3756 IX
376 3702 417 3771 38,
437 3702 476 3756 IX
495 3702 541 3770 95;
566 3701 633 3756 Xen.
655 3702 738 3756 dnab.
757 3702 798 3757 VI
815 3703 839 3770 4,
859 3702 899 3770 13,
924 3702 980 3756 VH
997 3701 1021 3768 8,
1041 3701 1087 3769 10;
1114 3699 1340 3769 Plut.Oim.18;
1364 3701 1492 3756 Philostr.
1528 3744 1530 3748 .

318 3785 375 3842 Vit.
393 3788 470 3854 Apol.
491 3785 562 3842 VIII
580 3785 604 3853 7,
622 3786 663 3841 lb.
879 3787 902 3856 4)
920 3787 1006 3856 1113,
1024 3786 1048 3843 6.

405 3871 426 3942 ὓ)
448 3871 470 3926 V
487 3872 528 3927 31.
683 3873 705 3943 ⁶)
723 3873 793 3926 Ann.
812 3873 878 3928 XIV
895 3873 937 3926 30.
1093 3872 1270 3942 ⁷)V112‚3.

406 3957 426 4027 ⁸)
444 3958 483 4013 Ut
499 3958 715 4014 testimoniorum
733 3975 874 4013 numerum
893 3973 1050 4028 augeamus,
1074 3957 1156 4013 liceat
1174 3959 1224 4012 hoc
1240 3959 1383 4012 Ionnandis
1401 3959 1431 4026 (c.
1449 3958 1492 4027 37)

318 4043 463 4098 adnotare:
481 4043 571 4098 Attila
593 4043 719 4098 diffidens
736 4044 793 4098 sris
814 4044 904 4114 copiis,
929 4049 1052 4099 metuens
1069 4043 1138 4098 inire
1156 4041 1310 4098 conflictum
1329 4043 1429 4098 statuit
1445 4058 1494 4112 per

319 4128 455 4196 aruspices
473 4127 568 4184 futura
584 4127 721 4198 inquirere
739 4129 786 4197 qui
803 4145 876 4184 more
894 4130 973 4184 solito
990 4145 1062 4184 nunc
1079 4145 1204 4198 pecorum
1217 4129 1307 4197 fibras,
1325 4143 1398 4183 nunc
1415 4143 1494 4197 quas·

319 4214 380 4268 dam
398 4229 482 4268 uenas
500 4213 529 4268 in
546 4213 650 4268 abrasis
668 4215 772 4269 ossibus
789 4214 928 4270 intuentes
946 4213 1054 4269 Hunnis
1079 4215 1202 4270 infausta
1226 4214 1398 4270 denuntiant.
1434 4213 1493 4269 Nou

318 4298 649 4452 iaofle3mabim61sillflu¹d
663 4315 794 4368 pecorum
811 4299 896 4368 fibros
913 4300 1061 4356 relerentes
1079 4301 1112 4355 ed
1130 4299 1310 4368 extispicium.

406 4385 417 4417 ⁰
445 4399 470 4452 p.
491 4385 521 4438 17
557 4385 586 4439 in
643 4401 664 4440 e.
