3492 5092
353 376 418 440 214
811 370 945 440 Georgius
962 370 1075 424 Blocher
1479 373 1533 458 [44

353 544 657 610 Philostratus
679 560 700 607 a
721 539 928 622 philosophia
949 539 1177 622 Pythagorica
1206 539 1374 622 profectus
1397 542 1533 625 extispi-

355 647 440 712 cium
468 664 533 711 non
561 643 756 728 probavit‚¹)
787 661 851 724 qua
879 642 915 708 in
935 661 972 708 re
993 643 1099 708 verba
1121 642 1240 722 quibus
1261 642 1369 710 utitur
1390 646 1433 710 ad
1455 645 1532 710 Pla-

354 747 441 814 tonis
449 747 568 814 iecoris
577 745 829 828 descriptionem
838 745 987 826 supra(p.
996 743 1053 828 37)
1063 745 1201 810 allatam
1210 747 1532 827 spectarevidentur.

353 851 501 934 Longius
541 849 571 915 si
611 849 841 931 progredimur
877 846 1198 930 Heliogabalus
1234 847 1337 930 Syrus
1380 850 1531 934 occurrit,

354 953 411 1035 qui
426 958 506 1018 exta
520 950 663 1034 puerilia
678 950 861 1032 inspexisse
880 948 1040 1034 dieitur.¹)
1076 949 1327 1017 Alexander
1348 950 1531 1018 Severus

352 1057 573 1138 haruspicinae
593 1056 658 1136 ipse
678 1059 747 1118 croi
763 1052 1010 1137 permarinum)
1033 1057 1068 1118 et
1089 1051 1307 1134 masacha
1328 1073 1396 1118 cum
1418 1054 1531 1118 mdic-

354 1160 477 1222 moticio
497 1159 571 1222 olia’s
598 1158 720 1222 salomo
748 1157 887 1220 ν’ννεταανι
907 1161 936 1219 et
964 1155 1124 1219 cadicio
1151 1154 1319 1238 decreuit-⁴)
1363 1157 1410 1222 At
1431 1157 1531 1223 Por-

354 1261 551 1344 phyrius,
584 1260 709 1326 Plotini
738 1259 929 1341 discipulus,
959 1277 1057 1340 quam
1086 1257 1371 1326 vehementissime
1404 1271 1531 1342 pugnat

354 1369 467 1430 contra
496 1363 707 1444 extispicium
736 1361 788 1427 his
810 1360 938 1428 verbis:
969 1361 1077 1444 ὥσπερ
1106 1357 1235 1436 ἀδικίας
1262 1361 1317 1424 καὶ
1345 1361 1532 1440 πλεονεξίας

353 1462 447 1550 ἦντὸ
476 1461 566 1529 ἕνεκα
594 1467 745 1546 μαντείας
774 1461 917 1548 ἀναιρεῖν
944 1461 999 1526 τὸν
1020 1461 1194 1547 ὁμόφυλον,
1221 1462 1305 1527 οὕτω
1322 1464 1377 1528 καὶ
1397 1462 1433 1528 τὸ
1457 1463 1531 1528 ἄλα-

357 1589 415 1652 μαν
439 1567 521 1648 ζῶον
536 1569 688 1652 σφάττειν
708 1569 858 1648 μαντείας
876 1564 966 1630 ἕνεκα
988 1564 1145 1651 hernorst)
1189 1567 1314 1634 Novam
1330 1571 1439 1633 autem
1461 1585 1533 1650 pro-

354 1672 464 1753 posuit
485 1669 711 1752 quaestionem
726 1669 777 1736 his
792 1669 916 1736 verbis:
940 1667 1063 1753 πότερα
1078 1667 1114 1732 δὲ
1131 1667 1172 1731 τὰ
1187 1679 1303 1755 σημεῖα
1318 1667 1351 1734 oi
1365 1669 1441 1733 θεοὶ
1461 1667 1532 1734 ἐντι-

355 1768 533 1860 φαίνονσιῆ
541 1768 714 1854 turparet]
726 1770 813 1856 ψυχὴ
824 1771 1087 1856 ἀπαλλαττομένη
1096 1781 1153 1838 τοῦ
1165 1770 1258 1854 ζῴον.
1280 1773 1409 1840 Primus
1419 1773 1532 1856 igitur,

355 1882 514 1958 quantum
535 1895 594 1942 nos
609 1875 739 1957 quidem
760 1876 920 1958 videmus,
942 1875 1037 1958 signa
1052 1874 1087 1940 in
1104 1874 1215 1942 iocure
1237 1875 1335 1942 obvia
1357 1877 1400 1940 ab
1423 1875 1531 1942 anima

354 1981 483 2046 hostiae
509 1979 614 2046 vitam
643 1978 815 2060 linquente
844 1977 987 2059 imprimi
1016 1979 1166 2060 putabat.
1210 1978 1294 2044 Nam
1324 1978 1398 2044 Silii
1420 1977 1531 2044 Italici

356 2084 460 2150 verba
481 2081 622 2146 sacerdos
641 2083 810 2163 sapientem
833 2082 972 2145 animum
993 2082 1166 2162 properatae
1187 2081 1319 2145 consulit
1338 2081 1451 2160 εαινεθ)
1472 2100 1531 2163 pro

354 2186 504 2268 poeticae
526 2184 685 2250 orationis
707 2184 907 2250 ornamentis
930 2188 1061 2248 tantum
1082 2184 1236 2250 habenda
1264 2188 1349 2267 sunt,
1380 2187 1414 2250 et
1445 2187 1531 2266 apud

354 2288 497 2369 reliquos
519 2289 711 2370 plerumque
733 2293 793 2352 aut
822 2286 875 2352 dei
897 2291 956 2352 aut
977 2288 1149 2352 daemones
1179 2285 1327 2352 efficiunt
1359 2286 1455 2370 signa
1483 2285 1533 2352 fa·

355 2391 467 2474 tidica,
490 2409 555 2470 qua
577 2392 617 2455 de
639 2409 676 2454 re
697 2388 787 2456 inira
808 2389 905 2470 plura
922 2389 1081 2455 dicentur.

440 2493 539 2558 Haud
561 2491 665 2556 nimia
687 2491 769 2558 fides
790 2493 943 2558 habenda
966 2497 1025 2576 est,
1048 2491 1078 2558 si
1099 2511 1195 2573 porro
1226 2509 1415 2558 enumerare
1443 2491 1533 2574 licet,

358 2594 549 2660 christianis
572 2594 795 2678 scriptoribus,
817 2595 874 2675 qui
895 2596 1033 2660 tradunt
1048 2595 1327 2660 Valerianum
1350 2595 1532 2676 impera·

354 2704 487 2764 torem
517 2696 663 2763 homines
698 2697 901 2764 sacrificasse
934 2717 1109 2778 eorumque
1143 2703 1220 2763 exta
1251 2696 1530 2781 perquisivimus

355 2802 479 2868 Contra
512 2799 775 2866 Aurelianus
808 2801 916 2866 vetuit
945 2801 1067 2866 milites
1096 2800 1327 2883 haruspicibus
1357 2799 1530 2880 quicquam

354 2903 471 2989 dare.⁸)
482 2903 786 2968 Diocletianus
801 2921 916 2968 rursus
930 2922 1008 2969 usus
1024 2907 1076 2969 est
1091 2902 1345 2988 extispioihus.⁰)
1360 2903 1529 2968 Maxen-

354 3005 458 3071 tium
480 3003 655 3070 chn‘stiani
670 3004 768 3070 iidem
782 3011 921 3070 narrant
936 3005 1113 3072 infantium
1135 3011 1212 3072 exta
1227 3005 1381 3071 rimatum
1404 3005 1531 3088 essem)

353 3108 497 3174 Etiamsi
519 3107 602 3174 talia
617 3107 790 3189 opprobria
811 3109 900 3174 hand
921 3127 997 3174 raro
1018 3109 1150 3192 exodio,
1173 3109 1257 3190 quod
1280 3107 1532 3174 christianorum

354 3211 531 3294 scriptores
553 3210 588 3275 in
600 3210 816 3291 imperatores
830 3212 1008 3294 habehant,
1033 3210 1168 3277 fluxisse
1190 3216 1310 3293 putant
1338 3210 1404 3278 viri
1434 3211 1531 3293 docti,

353 3319 465 3379 tamen
487 3314 577 3378 haud
598 3312 697 3379 facile
716 3313 885 3395 quisquam
908 3314 1029 3380 allatas
1050 3313 1264 3381 Maxentio
1286 3314 1532 3380 criminationes

353 3415 550 3500 repellat.¹¹)
573 3415 756 3496 Extispicio
765 3416 902 3500 quidem,
914 3416 993 3483 licet
1001 3436 1065 3484 non
1074 3418 1214 3484 humano
1222 3417 1426 3483 Maxentium
1438 3435 1530 3484 usum

355 3535 425 3583 esse
437 3515 586 3582 Zosimus
609 3522 751 3584 testatur
776 3519 829 3584 his
851 3519 977 3586 verbis:
1000 3530 1064 3582 τῶν
1086 3517 1121 3582 δὲ
1140 3521 1285 3600 μάντεων
1305 3517 1532 3600 ἐκθνσαμένων

441 3739 461 3808 ¹)
479 3739 546 3795 Vita
563 3739 652 3808 Apoll.
670 3741 741 3796 VIII
759 3743 783 3810 7,
802 3741 842 3795 15.
937 3741 957 3811 ⁹)
976 3742 1043 3797 Vita
1060 3741 1203 3812 Heliogab.
1221 3741 1246 3796 8.

441 3825 461 3892 ³)
479 3825 547 3880 Vita
564 3825 642 3880 Alex.
661 3826 720 3882 Ser.
739 3827 780 3881 27.
886 3829 906 3896 ⁴)
925 3828 943 3881 l.
960 3828 978 3882 l.
998 3843 1019 3881 o.
1038 3829 1080 3881 44.
1180 3826 1260 3895 Β)1)ε
1278 3826 1377 3882 obstin.
1395 3826 1484 3880 1151.

439 3909 461 3979 ο)
478 3911 547 3964 Ραα.
568 3911 583 3964 Ι
601 3910 659 3965 121.

440 3995 461 4060 7)
478 3994 590 4064 Niceph.
608 3996 680 4051 Hist.
699 3997 771 4051 Eccl.
789 3997 830 4052 VI
847 3997 894 4066 10;
912 3997 1012 4052 Eusob.
1030 3997 1102 4052 Hist.
1120 3997 1193 4052 Eecl.
1212 3998 1267 4052 VII
1286 3996 1325 4066 10,
1344 3998 1369 4050 4.

440 4081 461 4147 8)
480 4081 547 4136 Vita
564 4081 656 4136 Aurel.
675 4081 699 4135 7.
798 4082 821 4152 ο)
839 4083 915 4137 Lact.
934 4082 968 4138 de
985 4083 1119 4138 mortibus
1136 4099 1236 4151 perseo.
1256 4083 1297 4136 10.

424 4164 457 4233 ²⁰)
475 4165 586 4234 Niceph.
610 4166 682 4221 Hist.
705 4167 778 4222 Eccl.
797 4168 851 4222 Vll
869 4167 916 4237 213
939 4168 1037 4223 Euseb.
1064 4169 1136 4223 Hist.
1161 4169 1233 4223 Eccl.
1251 4168 1320 4224 VIII
1340 4168 1380 4236 m,
1398 4166 1415 4220 5
1433 4173 1461 4220 et
1479 4165 1530 4220 uit.

352 4251 443 4306 Const.
461 4251 534 4306 136.

415 4335 458 4405 ·¹¹)
475 4337 501 4391 J.
520 4337 760 4407 Burckhardt,
779 4339 835 4393 Die
852 4338 916 4394 Zeit
933 4339 1113 4394 Constantios
1131 4339 1176 4394 dcc
1197 4338 1323 4406 (ἔνοβενν8
1341 4355 1366 4408 p.
1385 4337 1443 4393 258.
