3492 5092
240 317 297 403 23]
651 319 691 373 De
709 318 850 386 extispicio
867 319 1029 388 capite'tria
1362 325 1424 390 193

245 489 332 571 quid,
366 491 452 570 quod
474 489 525 555 his
556 488 741 556 nominibus
764 491 948 557 conveniat.
1003 491 1159 574 Legimus
1183 495 1313 575 quidem
1337 498 1425 577 apud

246 591 480 660 Deeckium
502 593 523 658 l.
546 593 567 658 l.
590 611 619 674 p.
642 593 697 657 77:
721 591 788 656 Der
811 593 987 656 totanhale
1007 595 1242 659 socraleNorne
1261 597 1320 678 fiir
1341 595 1425 682 πύλη

245 713 309 757 war
342 693 436 761 Cella.
490 695 554 761 Sed
584 695 665 760 haee
692 713 756 760 non
794 714 852 761 suo
882 695 955 762 iure
992 696 1150 763 conclusit
1179 716 1197 763 e
1227 698 1348 765 scholio
1381 702 1425 766 ad

245 797 324 863 Luc.
343 798 459 863 Phars.
478 797 532 862 l.I
552 798 689 878 eaaseq.
711 797 849 881 adiecto,
873 804 908 864 et
930 798 996 864 iarn
1020 800 1258 868 Ludovicus
1276 800 1424 867 Stierle

247 899 391 965 medicus
411 899 672 981 Regimontanus
691 899 811 966 reiecit
833 901 918 966 hanc
939 900 1121 967 Deechii
1147 903 1367 970 coniecturam
1389 902 1425 968 in

245 1001 401 1082 opusculo
418 985 497 1067 l'l'her
508 1001 559 1066 die
569 1003 696 1066 iiltestec
706 1001 868 1066 &tiliolum
882 1001 1127 1086 Dorstellusapen
1138 1003 1193 1068 der
1204 1005 1336 1091 zeter)
1358 1006 1425 1072 Nos

246 1123 335 1186 vero,
344 1108 480 1186 praeter
491 1105 577 1186 quod
589 1104 781 1170 offendimur
792 1105 1000 1172 conclusione
1012 1125 1053 1172 ex
1065 1125 1128 1173 uno
1139 1107 1261 1174 scholio
1273 1115 1342 1174 tam
1353 1127 1424 1174 sero

246 1207 425 1287 composito
456 1209 607 1290 deducta,
636 1211 739 1273 vexat
761 1226 860 1288 quam
880 1208 1026 1290 maxime,
1057 1210 1140 1290 quod
1163 1210 1321 1276 scholium
1342 1209 1425 1276 illud

246 1313 361 1376 contra
382 1328 419 1375 se
441 1309 547 1391 ipsum
570 1314 704 1392 pugnat.
742 1309 834 1376 Dicit
861 1309 947 1376 enim
967 1311 1144 1377 scholiasta
1171 1313 1266 1378 haec:
1288 1312 1425 1376 diversae

245 1417 317 1476 suat
345 1432 453 1490 motae,
484 1431 562 1494 ques
590 1411 767 1494 horuspices
794 1413 888 1476 cellos
916 1412 1040 1491 dieunt,
1070 1413 1219 1492 hostium,
1253 1415 1423 1478 amicorum

244 1519 272 1576 et
297 1515 363 1579 olto
385 1514 570 1581 huhmowdo'.
628 1515 667 1580 In
697 1516 869 1597 propatulo
900 1520 952 1582 est
981 1516 1192 1583 scholiastam
1225 1516 1277 1583 his
1310 1516 1423 1584 verbis

245 1615 451 1684 intellexisse
472 1617 590 1684 iecoris
605 1617 799 1685 divisionem
822 1621 912 1700 apud
926 1619 1089 1686 Romanos
1104 1619 1364 1704 usitatissimam,
1379 1638 1423 1686 sc.

246 1717 369 1785 factam
398 1720 435 1785 in
462 1725 591 1802 partem
620 1720 772 1786 hostilem
805 1725 839 1786 et
868 1720 1073 1805 familiarem,
1101 1741 1198 1802 quam
1227 1728 1325 1806 poeta
1353 1721 1423 1806 ipse

247 1822 420 1904 descripsit
442 1841 473 1888 v.
493 1824 554 1889 621
568 1841 649 1902 seu:

1001 1946 1170 2007 venasque
1192 1928 1336 1994 minaces

389 2027 502 2093 hostili
525 2030 565 2093 (lc
588 2033 683 2108 parte
706 2028 798 2094 videt

329 2153 364 2212 et
386 2167 415 2213 v.
443 2147 505 2212 628
518 2165 599 2228 seq.:

755 2271 834 2333 pars
859 2270 961 2334 aegra
984 2257 1018 2317 et
1040 2251 1187 2317 marcida
1209 2253 1338 2334 pendet,

299 2407 304 2416 .
389 2371 467 2435 pars
489 2353 589 2419 micat
613 2359 647 2419 et
670 2355 772 2420 celeri
786 2373 889 2422 venas
912 2358 1022 2422 movet
1042 2354 1191 2436 improba
1212 2355 1335 2437 pulsus.

330 2490 421 2573 Ergo
458 2492 572 2556 cella
611 2491 797 2557 hostium
840 2499 883 2557 et
927 2491 1151 2557 amicorum
1191 2493 1422 2560 ascholiasta

244 2593 382 2660 laudata
411 2593 526 2660 nihil
554 2593 674 2660 aliud
696 2599 762 2660 est
783 2594 868 2660 nisi
889 2612 990 2675 pars
1018 2594 1197 2660 hostilis
1228 2600 1270 2660 et
1298 2594 1421 2662 fami-

244 2696 381 2762 liaris.
440 2697 504 2762 Sed
533 2695 617 2762 falso
644 2697 700 2762 ille
729 2715 833 2762 venas
862 2715 935 2761 cum
965 2696 1056 2762 cellis
1089 2696 1124 2760 in
1150 2717 1250 2764 unum
1276 2697 1421 2764 commis·

245 2799 331 2866 cuit:
354 2799 388 2865 id
403 2802 490 2880 quod
505 2801 545 2866 ob
563 2819 635 2865 eam
653 2804 785 2865 tantum
801 2817 933 2864 causam
947 2798 1036 2881 feeit,
1059 2803 1145 2881 quod
1166 2805 1266 2881 poeta
1286 2801 1307 2864 1.
1322 2819 1422 2884 supra

244 2902 363 2984 p.181.
379 2901 643 2968 commemoravit
658 2900 787 2968 hostilis
802 2900 909 2984 partis
925 2921 1028 2968 venas
1044 2902 1198 2968 minaces.
1226 2903 1296 2969 Hoc
1310 2907 1421 2969 autem
1444 2915 1447 2922 ’

243 3005 342 3087 plane
376 3006 619 3070 demonstratur
657 3003 869 3084 sequentibus
902 3005 1031 3088 verbis,
1061 3005 1179 3086 quibus
1213 3005 1295 3071 satis
1332 3005 1420 3070 clare

244 3107 386 3173 recurrit
429 3107 607 3173 scholiasta
654 3109 698 3172 ad
735 3106 826 3172 illam
866 3107 1059 3174 diuisionem
1107 3128 1174 3170 oum
1225 3127 1295 3188 erpo
1342 3109 1420 3170 ocei-

240 3211 335 3290 piuat
366 3211 519 3288 ccccmo,
555 3210 752 3292 iutellepcoat,
790 3230 868 3292 quoe
901 3211 976 3275 cello
1011 3231 1066 3274 aec
1097 3208 1197 3291 eot,²)
1231 3228 1311 3290 quoe
1344 3228 1421 3289 pars

243 3312 343 3377 saliat.
404 3311 474 3396 Quo
514 3318 623 3378 autem
661 3332 678 3378 e
714 3311 806 3378 fonte
848 3312 945 3380 fluxit
976 3313 1030 3377 hic
1062 3330 1139 3377 usus
1172 3310 1264 3378 uocis
1302 3310 1420 3379 cellae?

243 3414 321 3481 Etsi
349 3433 412 3481 non
443 3415 610 3493 habemus
641 3417 727 3495 quod
756 3434 815 3497 pro
841 3419 931 3480 certo
953 3414 1163 3496 proferamus,
1193 3419 1304 3482 tamen
1326 3414 1420 3481 nohis

244 3516 447 3584 simillimum
469 3517 598 3598 quidem
621 3516 695 3583 veri
717 3523 769 3584 est
788 3520 847 3584 hoe
862 3519 999 3585 verbum
1014 3517 1196 3599 posteriore
1211 3537 1293 3585 aevo
1309 3520 1420 3584 eodem

244 3621 336 3684 modo
367 3624 466 3701 atque
497 3621 644 3701 templum
667 3622 753 3700 quod
775 3625 921 3703 vocatur,
943 3621 978 3686 in
999 3621 1090 3687 ieeur
1113 3639 1183 3686 esse
1206 3621 1420 3686 translatum:

264 3744 276 3748 -
303 3743 447 3750 —--———.

330 3789 350 3858 ¹)
369 3790 536 3858 Expromam
548 3795 590 3845 est
599 3790 672 3860 typis
685 3791 758 3859 apud
777 3790 1081 3859 Merkel-Bonnet,
1099 3789 1292 3844 Aaotomieohc
1308 3789 1420 3858 HetteI

243 3875 294 3929 vol.
314 3875 366 3930 XV
384 3891 409 3943 p.
427 3875 479 3929 675
488 3891 560 3944 seqq.

330 3959 350 4028 ²)
370 3960 502 4026 Quoniam
520 3961 604 4016 verba
621 3961 659 4016 sio
677 3964 749 4017 inter
767 3978 796 4016 se
814 3967 993 4030 opponuntur,
1011 3960 1154 4016 retinenda
1170 3965 1214 4016 est
1235 3960 1323 4030 lectio,
1349 3976 1419 4029 quae

243 4045 364 4102 trahitur
381 4061 429 4099 aec
446 4048 498 4115 eat,
522 4062 576 4102 non
597 4047 831 4116 substituendum,
855 4047 926 4116 quod
943 4045 1118 4102 Deeokius
1136 4045 1154 4100 l.
1172 4045 1190 4099 l.
1208 4045 1420 4114 pruinosam

242 4137 419 4200 proposuerat
442 4134 545 4186 noceat.
580 4132 689 4187 Dicitur
712 4132 797 4188 enim:
824 4133 913 4188 altero
932 4147 1003 4202 pura
1020 4147 1077 4185 aon
1093 4130 1118 4185 it
1135 4131 1204 4201 (coo
1220 4131 1306 4202 colit),
1329 4130 1419 4186 altera

241 4216 320 4272 salit:
345 4216 374 4272 id
392 4217 464 4284 quod
480 4216 547 4286 ipsis
564 4223 661 4286 poetae
685 4219 776 4274 verbis
793 4218 1003 4274 demonstratur.
1044 4217 1085 4271 De
1109 4217 1205 4272 vocula
1227 4233 1275 4270 aee
1292 4232 1340 4285 pro
1363 4232 1419 4271 noo

242 4301 331 4370 posita
349 4319 374 4356 v.
393 4301 604 4371 Lindsuy-Nohl,
622 4303 678 4358 Dic
696 4304 744 4359 lat.
763 4303 882 4373 Sproohe
899 4320 925 4373 p.
944 4302 1002 4358 707.
