3492 5092
238 397 289 486 17]
639 397 682 452 De
699 397 841 468 extispicio
859 399 950 468 capita
966 400 1021 454 tria

324 571 446 652 Verg.
471 569 551 636 Aen.
573 570 622 636 IV
644 571 686 636 60
701 589 804 652 sequ:

280 793 322 859 63
345 792 516 859 instaurat
540 843 546 855 .
571 844 578 858 .
601 691 1343 875 ‚diem(1011sspegsssfflqffssdsse‘c'lusis

344 893 599 976 pectoribus
621 893 796 960 inhians
824 895 1046 978 spirantia
1068 896 1259 963 consulit
1280 900 1385 962 exta.

323 1049 446 1131 Verg.
469 1048 552 1114 Aen.
574 1049 608 1114 X
631 1048 785 1130 mosea:

342 1220 348 1234 .
371 1220 406 1234 ..
432 1168 491 1234 ille
513 1167 677 1234 hominum
702 1168 878 1249 divumque
899 1168 1062 1251 interpres
1079 1170 1211 1252 Asylas

342 1271 409 1336 cui
429 1273 635 1352 pecudum
657 1269 789 1362 fibra,
813 1271 896 1338 caeli
919 1273 972 1337 cui
994 1272 1103 1338 sidera
1124 1278 1286 1353 parent.

325 1423 446 1507 Verg.
468 1426 550 1491 Aen.
573 1425 625 1490 XI
647 1425 803 1506 suessa:

621 1547 771 1610 ...dnm
794 1563 891 1610 sacre
913 1546 1075 1611 secundus
1097 1545 1263 1628 haruspex

327 1645 459 1711 nuntiet
483 1698 511 1712 ..
529 1699 535 1710 .

325 1799 440 1868 Ovid.
463 1801 542 1866 Met.
565 1801 812 1882 V11600seq.:

239 1919 375 1987 Fibra
397 1938 560 2001 quoque
576 1939 708 2002 aegra
730 1931 853 1986 notas
877 1921 1418 2002 verimonitusquedeorum

240 2023 504 2104 perdiderat.
527 2022 642 2088 tristes
657 2027 836 2104 penetrant
859 2024 902 2086 ad
923 2023 1051 2088 viscera
1072 2023 1184 2088 morbi.

327 2176 443 2244 Ouid.
464 2177 544 2242 Met.
565 2177 630 2242 XV
655 2177 715 2242 136
724 2195 804 2257 seu:

363 2296 522 2362 Protinus
545 2301 721 2377 ereptas
744 2295 919 2363 viventi
942 2299 1118 2377 pectore
1141 2293 1280 2360 fibras

363 2398 611 2480 inspiciunt
634 2403 827 2480 mentesque
848 2401 942 2464 deum
966 2401 1158 2464 scrutantur
1180 2397 1215 2463 in
1237 2396 1312 2464 illis.

326 2569 443 2636 Ouid.
466 2570 545 2636 Met.
568 2570 632 2635 XV
654 2570 718 2636 575
741 2588 845 2650 sequ:

710 2739 761 2755 ...
786 2689 1074 2768 Mactatarumque
1095 2687 1266 2754 bidentum

240 2789 343 2872 quid
373 2790 459 2858 sibi
481 2790 759 2873 significent,
791 2789 1069 2871 trepidantia
1098 2790 1288 2856 consulit
1311 2794 1420 2856 exte.

235 2913 326 2975 ¹quae
347 2894 446 2960 simul
469 2893 600 2976 aspexit
622 2894 815 2976 Tyrrhenae
837 2893 945 2975 gentis
968 2893 1142 2976 haruspex,

242 3015 391 3080 magna
411 2997 542 3078 quidem
564 3015 701 3062 rerum
723 2995 942 3062 molimina
965 2994 1079 3062 vidit
1101 2994 1143 3060 in
1165 2995 1261 3060 illis

242 3117 321 3165 non
344 3098 578 3165 manifesta
599 3105 748 3165 tamen.

328 3251 445 3319 Ovid.
468 3253 547 3318 Met.
570 3253 635 3318 XV
650 3253 808 3333 sedsed:

243 3369 432 3437 Victima
454 3372 574 3437 nulla
595 3371 717 3454 litat,
741 3388 1000 3455 magnosque
1021 3369 1191 3434 instare
1212 3368 1422 3458 tumultus

243 3471 359 3539 fibra
392 3477 532 3539 monet
561 3492 820 3556 caesumque
842 3477 972 3555 caput
993 3469 1215 3554 reperitur
1234 3470 1277 3536 in
1300 3469 1423 3536 extis.

328 3626 434 3692 Plin.
456 3627 494 3691 N.
509 3626 551 3692 H.
566 3627 617 3692 XI
636 3627 712 3692 189:
746 3626 851 3693 Gaio
874 3624 1065 3708 principi
1088 3623 1230 3710 (caput
1251 3621 1423 3706 iecoris)

242 3727 386 3896 ‹fieecfulig
404 3729 485 3896 Ιὲἓὲ.
512 3729 613 3812 Ian,
640 3748 713 3795 cum
737 3728 841 3794 iniret
870 3729 1075 3795 consulatum
1097 3745 1160 3808 quo
1182 3744 1267 3792 anno
1285 3725 1423 3792 inter·

329 3982 433 4050 Plin.
456 3985 494 4050 N.
515 3984 556 4049 H.
572 3984 625 4049 XI
640 3984 719 4049 189:
742 3982 1156 4067 claudio...(caput
1178 3979 1337 4046 iecoris
1356 3981 1424 4047 de·

242 4083 357 4171 init),
381 4104 459 4166 quo
482 4105 621 4152 mense
641 4085 936 4168 interemptus
960 4090 1024 4151 est
1047 4101 1216 4152 veneno.

329 4238 442 4306 Suet.
465 4239 551 4306 Nero
567 4241 624 4306 56:
647 4240 781 4325 (Nero)
807 4243 886 4305 ante
900 4257 1022 4321 paucos
1038 4256 1137 4319 quam
1152 4235 1279 4320 periret
1297 4254 1425 4303 mense·

242 4341 442 4407 attendit
465 4349 506 4407 et
528 4342 764 4425 extispicio
788 4360 865 4408 nec
886 4359 1074 4422 umquam
1096 4338 1262 4407 litavit.

294 4457 614 4513 Religionsgcschichtliche
628 4460 748 4505 Versucho
761 4471 784 4504 u.
799 4459 956 4506 Vorarbeiten
972 4459 1000 4502 11.
1236 4440 1269 4494 13
