<?xml version="1.0" encoding="UTF-8"?>
<!DOCTYPE html PUBLIC "-//W3C//DTD XHTML 1.0 Transitional//EN"
    "http://www.w3.org/TR/xhtml1/DTD/xhtml1-transitional.dtd">
<html xmlns="http://www.w3.org/1999/xhtml" xml:lang="en" lang="en">
 <head>
  <title>
</title>
<meta http-equiv="Content-Type" content="text/html;charset=utf-8" />
  <meta name='ocr-system' content='tesseract 3.04.00' />
  <meta name='ocr-capabilities' content='ocr_page ocr_carea ocr_par ocr_line ocrx_word'/>
</head>
<body>
  <div class='ocr_page' id='page_1' title='image "./deextispicocapi00bezogoog_0036.png"; bbox 0 0 3492 5092; ppageno 0'>
   <div class='ocr_carea' id='block_1_1' title="bbox 359 407 1553 498">
    <p class='ocr_par' dir='ltr' id='par_1_1' title="bbox 359 407 1553 498">
     <span class='ocr_line' id='line_1_1' title="bbox 359 407 1553 498; baseline -0.004 -33"><span class='ocrx_word' id='word_1_1' title='bbox 359 410 424 477; x_wconf 78' lang='lat'>200</span> <span class='ocrx_word' id='word_1_2' title='bbox 820 407 952 478; x_wconf 76' lang='lat' dir='ltr'><strong>Georgius</strong></span> <span class='ocrx_word' id='word_1_3' title='bbox 970 409 1084 464; x_wconf 83' lang='lat' dir='ltr'>Bleoher</span> <span class='ocrx_word' id='word_1_4' title='bbox 1486 411 1553 498; x_wconf 83' lang='lat'>[30</span> 
     </span>
    </p>
   </div>
   <div class='ocr_carea' id='block_1_2' title="bbox 356 574 1553 3624">
    <p class='ocr_par' dir='ltr' id='par_1_2' title="bbox 356 574 1553 3624">
     <span class='ocr_line' id='line_1_2' title="bbox 362 574 1553 666; baseline 0.005 -22"><span class='ocrx_word' id='word_1_5' title='bbox 362 582 555 644; x_wconf 62' lang='lat' dir='ltr'>amisoruod</span> <span class='ocrx_word' id='word_1_6' title='bbox 578 574 662 644; x_wconf 75' lang='grc' dir='ltr'><strong>ἔστιν</strong></span> <span class='ocrx_word' id='word_1_7' title='bbox 681 579 906 664; x_wconf 43' lang='lat' dir='ltr'>amoenum)</span> <span class='ocrx_word' id='word_1_8' title='bbox 944 582 1055 661; x_wconf 81' lang='lat' dir='ltr'><strong>Atque</strong></span> <span class='ocrx_word' id='word_1_9' title='bbox 1075 580 1179 646; x_wconf 85' lang='lat' dir='ltr'>eidem</span> <span class='ocrx_word' id='word_1_10' title='bbox 1196 581 1380 648; x_wconf 78' lang='lat' dir='ltr'>Pausaniae</span> <span class='ocrx_word' id='word_1_11' title='bbox 1396 583 1553 666; x_wconf 78' lang='lat' dir='ltr'>Thrasy·</span> 
     </span>
     <span class='ocr_line' id='line_1_3' title="bbox 359 682 1550 766; baseline 0.002 -15"><span class='ocrx_word' id='word_1_12' title='bbox 359 685 456 752; x_wconf 80' lang='lat' dir='ltr'>bulus</span> <span class='ocrx_word' id='word_1_13' title='bbox 478 683 618 766; x_wconf 84' lang='lat' dir='ltr'>quidam,</span> <span class='ocrx_word' id='word_1_14' title='bbox 641 683 697 764; x_wconf 90' lang='lat' dir='ltr'>qni</span> <span class='ocrx_word' id='word_1_15' title='bbox 713 682 805 749; x_wconf 90' lang='lat' dir='ltr'>canis</span> <span class='ocrx_word' id='word_1_16' title='bbox 820 687 900 748; x_wconf 89' lang='lat' dir='ltr'>exta</span> <span class='ocrx_word' id='word_1_17' title='bbox 914 683 1072 766; x_wconf 80' lang='lat' dir='ltr'>inspexit,</span> <span class='ocrx_word' id='word_1_18' title='bbox 1098 686 1180 749; x_wconf 88' lang='lat' dir='ltr'>adeo</span> <span class='ocrx_word' id='word_1_19' title='bbox 1203 689 1318 750; x_wconf 84' lang='lat' dir='ltr'>contra</span> <span class='ocrx_word' id='word_1_20' title='bbox 1339 684 1550 752; x_wconf 89' lang='lat' dir='ltr'>cotidianum</span> 
     </span>
     <span class='ocr_line' id='line_1_4' title="bbox 360 785 1550 868; baseline 0.001 -15"><span class='ocrx_word' id='word_1_21' title='bbox 360 805 454 853; x_wconf 92' lang='lat' dir='ltr'>usum</span> <span class='ocrx_word' id='word_1_22' title='bbox 483 787 602 852; x_wconf 87' lang='lat' dir='ltr'>fecisse</span> <span class='ocrx_word' id='word_1_23' title='bbox 632 787 724 853; x_wconf 86' lang='lat' dir='ltr'>visus</span> <span class='ocrx_word' id='word_1_24' title='bbox 754 789 814 868; x_wconf 84' lang='lat' dir='ltr'>est,</span> <span class='ocrx_word' id='word_1_25' title='bbox 848 790 886 850; x_wconf 89' lang='lat' dir='ltr'>ut</span> <span class='ocrx_word' id='word_1_26' title='bbox 915 786 1126 852; x_wconf 81' lang='lat' dir='ltr'>concluderet</span> <span class='ocrx_word' id='word_1_27' title='bbox 1156 785 1322 852; x_wconf 90' lang='lat' dir='ltr'>invenisse</span> <span class='ocrx_word' id='word_1_28' title='bbox 1354 786 1444 853; x_wconf 89' lang='lat' dir='ltr'>illum</span> <span class='ocrx_word' id='word_1_29' title='bbox 1479 789 1550 854; x_wconf 88' lang='lat' dir='ltr'>hoc</span> 
     </span>
     <span class='ocr_line' id='line_1_5' title="bbox 360 887 1548 974; baseline 0.003 -20"><span class='ocrx_word' id='word_1_30' title='bbox 360 891 466 971; x_wconf 90' lang='lat' dir='ltr'>ipsum</span> <span class='ocrx_word' id='word_1_31' title='bbox 491 887 658 970; x_wconf 85' lang='lat' dir='ltr'>extispicii</span> <span class='ocrx_word' id='word_1_32' title='bbox 680 888 821 974; x_wconf 60' lang='lat' dir='ltr'>genusi)</span> <span class='ocrx_word' id='word_1_33' title='bbox 851 887 1061 971; x_wconf 81' lang='lat' dir='ltr'>Quinetiam</span> <span class='ocrx_word' id='word_1_34' title='bbox 1085 906 1127 954; x_wconf 91' lang='lat' dir='ltr'>ne</span> <span class='ocrx_word' id='word_1_35' title='bbox 1159 888 1270 955; x_wconf 86' lang='lat' dir='ltr'>avium</span> <span class='ocrx_word' id='word_1_36' title='bbox 1299 889 1430 970; x_wconf 88' lang='lat' dir='ltr'>quidem</span> <span class='ocrx_word' id='word_1_37' title='bbox 1460 897 1548 958; x_wconf 88' lang='lat' dir='ltr'>exta</span> 
     </span>
     <span class='ocr_line' id='line_1_6' title="bbox 360 989 1546 1076; baseline 0 -16"><span class='ocrx_word' id='word_1_38' title='bbox 360 992 539 1060; x_wconf 85' lang='lat' dir='ltr'>aGraecis</span> <span class='ocrx_word' id='word_1_39' title='bbox 562 995 598 1057; x_wconf 91' lang='lat' dir='ltr'>et</span> <span class='ocrx_word' id='word_1_40' title='bbox 618 991 774 1058; x_wconf 88' lang='lat' dir='ltr'>Romanis</span> <span class='ocrx_word' id='word_1_41' title='bbox 796 990 915 1072; x_wconf 85' lang='lat' dir='ltr'>inspici</span> <span class='ocrx_word' id='word_1_42' title='bbox 946 996 1042 1056; x_wconf 88' lang='lat' dir='ltr'>erant</span> <span class='ocrx_word' id='word_1_43' title='bbox 1072 989 1207 1076; x_wconf 67' lang='lat' dir='ltr'>solitai)</span> <span class='ocrx_word' id='word_1_44' title='bbox 1251 990 1373 1057; x_wconf 82' lang='lat' dir='ltr'>Contra</span> <span class='ocrx_word' id='word_1_45' title='bbox 1395 993 1546 1060; x_wconf 80' lang='lat' dir='ltr'>Asiatici</span> 
     </span>
     <span class='ocr_line' id='line_1_7' title="bbox 360 1092 1542 1176; baseline 0.003 -16"><span class='ocrx_word' id='word_1_46' title='bbox 360 1094 472 1176; x_wconf 89' lang='lat' dir='ltr'>populi</span> <span class='ocrx_word' id='word_1_47' title='bbox 495 1094 608 1160; x_wconf 89' lang='lat' dir='ltr'>multis</span> <span class='ocrx_word' id='word_1_48' title='bbox 631 1093 706 1160; x_wconf 89' lang='lat' dir='ltr'>aliis</span> <span class='ocrx_word' id='word_1_49' title='bbox 728 1097 903 1176; x_wconf 85' lang='lat' dir='ltr'>praeterea</span> <span class='ocrx_word' id='word_1_50' title='bbox 926 1095 969 1158; x_wconf 92' lang='lat' dir='ltr'>ad</span> <span class='ocrx_word' id='word_1_51' title='bbox 992 1092 1201 1174; x_wconf 87' lang='lat' dir='ltr'>extispicium</span> <span class='ocrx_word' id='word_1_52' title='bbox 1216 1093 1450 1175; x_wconf 82' lang='lat' dir='ltr'>perficiendum</span> <span class='ocrx_word' id='word_1_53' title='bbox 1466 1101 1542 1164; x_wconf 93' lang='lat' dir='ltr'>ute·</span> 
     </span>
     <span class='ocr_line' id='line_1_8' title="bbox 360 1195 1544 1280; baseline 0.001 -16"><span class='ocrx_word' id='word_1_54' title='bbox 360 1200 484 1264; x_wconf 90' lang='lat' dir='ltr'>bantur</span> <span class='ocrx_word' id='word_1_55' title='bbox 503 1196 628 1263; x_wconf 90' lang='lat' dir='ltr'>hostiis.</span> <span class='ocrx_word' id='word_1_56' title='bbox 673 1196 810 1280; x_wconf 83' lang='lat' dir='ltr'>Cyprios</span> <span class='ocrx_word' id='word_1_57' title='bbox 840 1195 954 1263; x_wconf 91' lang='lat' dir='ltr'>suibus</span> <span class='ocrx_word' id='word_1_58' title='bbox 985 1215 1112 1277; x_wconf 87' lang='lat' dir='ltr'>qnoque</span> <span class='ocrx_word' id='word_1_59' title='bbox 1140 1197 1203 1261; x_wconf 86' lang='lat' dir='ltr'>hac</span> <span class='ocrx_word' id='word_1_60' title='bbox 1232 1196 1266 1260; x_wconf 94' lang='lat' dir='ltr'>in</span> <span class='ocrx_word' id='word_1_61' title='bbox 1296 1216 1334 1262; x_wconf 90' lang='lat' dir='ltr'>re</span> <span class='ocrx_word' id='word_1_62' title='bbox 1362 1216 1437 1263; x_wconf 89' lang='lat' dir='ltr'>usos</span> <span class='ocrx_word' id='word_1_63' title='bbox 1467 1217 1544 1265; x_wconf 91' lang='lat' dir='ltr'>esse</span> 
     </span>
     <span class='ocr_line' id='line_1_9' title="bbox 360 1298 1543 1383; baseline 0.003 -19"><span class='ocrx_word' id='word_1_64' title='bbox 360 1300 546 1366; x_wconf 86' lang='lat' dir='ltr'>Pausanias</span> <span class='ocrx_word' id='word_1_65' title='bbox 567 1300 587 1365; x_wconf 93' lang='lat' dir='ltr'>l.</span> <span class='ocrx_word' id='word_1_66' title='bbox 609 1301 629 1365; x_wconf 93' lang='lat' dir='ltr'>l.</span> <span class='ocrx_word' id='word_1_67' title='bbox 652 1305 812 1380; x_wconf 83' lang='lat' dir='ltr'>testatur3</span> <span class='ocrx_word' id='word_1_68' title='bbox 835 1319 873 1364; x_wconf 91' lang='lat' dir='ltr'>ac</span> <span class='ocrx_word' id='word_1_69' title='bbox 896 1299 1012 1364; x_wconf 81' lang='lat' dir='ltr'>Tacito</span> <span class='ocrx_word' id='word_1_70' title='bbox 1036 1303 1124 1364; x_wconf 90' lang='lat' dir='ltr'>teste</span> <span class='ocrx_word' id='word_1_71' title='bbox 1134 1299 1159 1383; x_wconf 83' lang='lat'>⁴)</span> <span class='ocrx_word' id='word_1_72' title='bbox 1189 1298 1367 1380; x_wconf 90' lang='lat' dir='ltr'>intemplo</span> <span class='ocrx_word' id='word_1_73' title='bbox 1390 1301 1543 1382; x_wconf 89' lang='lat' dir='ltr'>Paphiae</span> 
     </span>
     <span class='ocr_line' id='line_1_10' title="bbox 360 1401 1542 1486; baseline 0 -17"><span class='ocrx_word' id='word_1_74' title='bbox 360 1403 500 1470; x_wconf 89' lang='lat' dir='ltr'>Veneris</span> <span class='ocrx_word' id='word_1_75' title='bbox 529 1403 665 1486; x_wconf 86' lang='lat' dir='ltr'>hostiae,</span> <span class='ocrx_word' id='word_1_76' title='bbox 695 1421 778 1483; x_wconf 89' lang='lat' dir='ltr'>quas</span> <span class='ocrx_word' id='word_1_77' title='bbox 800 1402 936 1483; x_wconf 86' lang='lat' dir='ltr'>quisque</span> <span class='ocrx_word' id='word_1_78' title='bbox 966 1401 1068 1484; x_wconf 86' lang='lat' dir='ltr'>vovit,</span> <span class='ocrx_word' id='word_1_79' title='bbox 1098 1403 1141 1466; x_wconf 91' lang='lat' dir='ltr'>ad</span> <span class='ocrx_word' id='word_1_80' title='bbox 1171 1401 1379 1483; x_wconf 84' lang='lat' dir='ltr'>extispicium</span> <span class='ocrx_word' id='word_1_81' title='bbox 1407 1403 1542 1469; x_wconf 90' lang='lat' dir='ltr'>adhibe-</span> 
     </span>
     <span class='ocr_line' id='line_1_11' title="bbox 359 1504 1539 1585; baseline -0.002 -13"><span class='ocrx_word' id='word_1_82' title='bbox 359 1508 489 1572; x_wconf 87' lang='lat' dir='ltr'>bantur.</span> <span class='ocrx_word' id='word_1_83' title='bbox 548 1505 609 1570; x_wconf 76' lang='lat' dir='ltr'>Seu</span> <span class='ocrx_word' id='word_1_84' title='bbox 644 1525 746 1569; x_wconf 83' lang='lat' dir='ltr'>mares</span> <span class='ocrx_word' id='word_1_85' title='bbox 782 1504 1016 1585; x_wconf 72' lang='lat' dir='ltr'>deliyeboatar:</span> <span class='ocrx_word' id='word_1_86' title='bbox 1052 1505 1221 1568; x_wconf 64' lang='lat' dir='ltr'>redimitae</span> <span class='ocrx_word' id='word_1_87' title='bbox 1255 1504 1333 1585; x_wconf 76' lang='lat' dir='ltr'>fides</span> <span class='ocrx_word' id='word_1_88' title='bbox 1367 1505 1539 1570; x_wconf 70' lang='lat' dir='ltr'>eosdm</span> 
     </span>
     <span class='ocr_line' id='line_1_12' title="bbox 357 1606 1540 1692; baseline 0.001 -19"><span class='ocrx_word' id='word_1_89' title='bbox 357 1609 454 1689; x_wconf 69' lang='lat' dir='ltr'>sidrac.</span> <span class='ocrx_word' id='word_1_90' title='bbox 498 1607 666 1675; x_wconf 84' lang='lat' dir='ltr'>Iuvenalis</span> <span class='ocrx_word' id='word_1_91' title='bbox 695 1613 793 1689; x_wconf 88' lang='lat' dir='ltr'>poeta</span> <span class='ocrx_word' id='word_1_92' title='bbox 815 1607 968 1692; x_wconf 66' lang='lat' dir='ltr'>narrati)</span> <span class='ocrx_word' id='word_1_93' title='bbox 998 1606 1188 1672; x_wconf 88' lang='lat' dir='ltr'>Armenium</span> <span class='ocrx_word' id='word_1_94' title='bbox 1211 1608 1266 1674; x_wconf 88' lang='lat' dir='ltr'>vel</span> <span class='ocrx_word' id='word_1_95' title='bbox 1288 1607 1540 1691; x_wconf 85' lang='lat' dir='ltr'>Commagenum</span> 
     </span>
     <span class='ocr_line' id='line_1_13' title="bbox 359 1710 1538 1792; baseline 0 -16"><span class='ocrx_word' id='word_1_96' title='bbox 359 1711 567 1792; x_wconf 85' lang='lat' dir='ltr'>haruspicem</span> <span class='ocrx_word' id='word_1_97' title='bbox 582 1712 765 1791; x_wconf 92' lang='lat' dir='ltr'>pulmonem</span> <span class='ocrx_word' id='word_1_98' title='bbox 781 1711 948 1776; x_wconf 88' lang='lat' dir='ltr'>columbae</span> <span class='ocrx_word' id='word_1_99' title='bbox 964 1715 1126 1775; x_wconf 88' lang='lat' dir='ltr'>tractasse</span> <span class='ocrx_word' id='word_1_100' title='bbox 1141 1710 1368 1791; x_wconf 88' lang='lat' dir='ltr'>pullorumqne</span> <span class='ocrx_word' id='word_1_101' title='bbox 1383 1711 1538 1777; x_wconf 87' lang='lat' dir='ltr'>rimatnm</span> 
     </span>
     <span class='ocr_line' id='line_1_14' title="bbox 361 1812 1538 1894; baseline 0.001 -16"><span class='ocrx_word' id='word_1_102' title='bbox 361 1831 432 1879; x_wconf 88' lang='lat' dir='ltr'>esse</span> <span class='ocrx_word' id='word_1_103' title='bbox 461 1818 596 1894; x_wconf 87' lang='lat' dir='ltr'>pectora</span> <span class='ocrx_word' id='word_1_104' title='bbox 628 1819 663 1879; x_wconf 90' lang='lat' dir='ltr'>et</span> <span class='ocrx_word' id='word_1_105' title='bbox 692 1819 769 1879; x_wconf 89' lang='lat' dir='ltr'>exta</span> <span class='ocrx_word' id='word_1_106' title='bbox 799 1812 919 1878; x_wconf 86' lang='lat' dir='ltr'>catelli.</span> <span class='ocrx_word' id='word_1_107' title='bbox 971 1813 1084 1893; x_wconf 86' lang='lat' dir='ltr'>Neque</span> <span class='ocrx_word' id='word_1_108' title='bbox 1122 1812 1326 1879; x_wconf 88' lang='lat' dir='ltr'>censebimus</span> <span class='ocrx_word' id='word_1_109' title='bbox 1364 1813 1436 1879; x_wconf 88' lang='lat' dir='ltr'>sine</span> <span class='ocrx_word' id='word_1_110' title='bbox 1470 1815 1538 1880; x_wconf 85' lang='lat' dir='ltr'>ulla</span> 
     </span>
     <span class='ocr_line' id='line_1_15' title="bbox 360 1915 1537 1998; baseline -0.001 -17"><span class='ocrx_word' id='word_1_111' title='bbox 360 1935 461 1982; x_wconf 88' lang='lat' dir='ltr'>causa</span> <span class='ocrx_word' id='word_1_112' title='bbox 496 1918 632 1982; x_wconf 86' lang='lat' dir='ltr'>eundem</span> <span class='ocrx_word' id='word_1_113' title='bbox 674 1915 798 1982; x_wconf 85' lang='lat' dir='ltr'>dixisse</span> <span class='ocrx_word' id='word_1_114' title='bbox 837 1935 991 1979; x_wconf 77' lang='lat' dir='ltr'>ranarum</span> <span class='ocrx_word' id='word_1_115' title='bbox 1024 1917 1139 1979; x_wconf 71' lang='lat' dir='ltr'>nisam</span> <span class='ocrx_word' id='word_1_116' title='bbox 1170 1935 1342 1996; x_wconf 77' lang='lat' dir='ltr'>numqaum</span> <span class='ocrx_word' id='word_1_117' title='bbox 1374 1917 1537 1998; x_wconf 63' lang='lat' dir='ltr'>inspecti)</span> 
     </span>
     <span class='ocr_line' id='line_1_16' title="bbox 360 2017 1537 2101; baseline -0.001 -16"><span class='ocrx_word' id='word_1_118' title='bbox 360 2019 472 2086; x_wconf 80' lang='lat' dir='ltr'>Cicero</span> <span class='ocrx_word' id='word_1_119' title='bbox 505 2017 671 2084; x_wconf 83' lang='lat' dir='ltr'>insolitam</span> <span class='ocrx_word' id='word_1_120' title='bbox 703 2018 885 2101; x_wconf 91' lang='lat' dir='ltr'>opinionem</span> <span class='ocrx_word' id='word_1_121' title='bbox 919 2024 1037 2084; x_wconf 90' lang='lat' dir='ltr'>narrat</span> <span class='ocrx_word' id='word_1_122' title='bbox 1077 2037 1164 2100; x_wconf 88' lang='lat' dir='ltr'>esse,</span> <span class='ocrx_word' id='word_1_123' title='bbox 1205 2037 1291 2099; x_wconf 90' lang='lat' dir='ltr'>quae</span> <span class='ocrx_word' id='word_1_124' title='bbox 1324 2019 1537 2101; x_wconf 83' lang='lat' dir='ltr'>argutissima</span> 
     </span>
     <span class='ocr_line' id='line_1_17' title="bbox 359 2119 1533 2206; baseline 0 -20"><span class='ocrx_word' id='word_1_125' title='bbox 359 2121 544 2204; x_wconf 83' lang='lat' dir='ltr'>gallinacea</span> <span class='ocrx_word' id='word_1_126' title='bbox 583 2126 661 2186; x_wconf 89' lang='lat' dir='ltr'>exta</span> <span class='ocrx_word' id='word_1_127' title='bbox 698 2120 870 2206; x_wconf 87' lang='lat' dir='ltr'>putaret.⁷)</span> <span class='ocrx_word' id='word_1_128' title='bbox 934 2121 1005 2186; x_wconf 91' lang='lat' dir='ltr'>Non</span> <span class='ocrx_word' id='word_1_129' title='bbox 1047 2119 1145 2186; x_wconf 80' lang='lat' dir='ltr'>facile</span> <span class='ocrx_word' id='word_1_130' title='bbox 1186 2139 1331 2186; x_wconf 88' lang='lat' dir='ltr'>erremus</span> <span class='ocrx_word' id='word_1_131' title='bbox 1376 2121 1533 2187; x_wconf 87' lang='lat' dir='ltr'>arbitrati</span> 
     </span>
     <span class='ocr_line' id='line_1_18' title="bbox 357 2222 1535 2304; baseline 0 -15"><span class='ocrx_word' id='word_1_132' title='bbox 357 2225 440 2290; x_wconf 90' lang='lat' dir='ltr'>haec</span> <span class='ocrx_word' id='word_1_133' title='bbox 476 2225 581 2292; x_wconf 85' lang='lat' dir='ltr'>verba</span> <span class='ocrx_word' id='word_1_134' title='bbox 624 2229 775 2304; x_wconf 88' lang='lat' dir='ltr'>spectaro</span> <span class='ocrx_word' id='word_1_135' title='bbox 812 2226 854 2289; x_wconf 90' lang='lat' dir='ltr'>ad</span> <span class='ocrx_word' id='word_1_136' title='bbox 896 2222 1105 2304; x_wconf 86' lang='lat' dir='ltr'>extispicium</span> <span class='ocrx_word' id='word_1_137' title='bbox 1149 2225 1310 2303; x_wconf 86' lang='lat' dir='ltr'>quoddam</span> <span class='ocrx_word' id='word_1_138' title='bbox 1362 2228 1535 2290; x_wconf 86' lang='lat' dir='ltr'>externum</span> 
     </span>
     <span class='ocr_line' id='line_1_19' title="bbox 358 2325 1537 2407; baseline -0.001 -14"><span class='ocrx_word' id='word_1_139' title='bbox 358 2327 481 2394; x_wconf 57' lang='lat' dir='ltr'>&amp;mae</span> <span class='ocrx_word' id='word_1_140' title='bbox 511 2332 580 2392; x_wconf 91' lang='lat' dir='ltr'>tum</span> <span class='ocrx_word' id='word_1_141' title='bbox 609 2326 680 2392; x_wconf 84' lang='lat' dir='ltr'>fere</span> <span class='ocrx_word' id='word_1_142' title='bbox 706 2332 881 2407; x_wconf 88' lang='lat' dir='ltr'>receptum.</span> <span class='ocrx_word' id='word_1_143' title='bbox 940 2325 1112 2406; x_wconf 81' lang='lat' dir='ltr'>complura</span> <span class='ocrx_word' id='word_1_144' title='bbox 1146 2331 1440 2392; x_wconf 89' lang='lat' dir='ltr'>commemorantur</span> <span class='ocrx_word' id='word_1_145' title='bbox 1468 2327 1537 2392; x_wconf 90' lang='lat' dir='ltr'>alia</span> 
     </span>
     <span class='ocr_line' id='line_1_20' title="bbox 358 2427 1536 2511; baseline -0.002 -15"><span class='ocrx_word' id='word_1_146' title='bbox 358 2429 525 2510; x_wconf 87' lang='lat' dir='ltr'>extispicii</span> <span class='ocrx_word' id='word_1_147' title='bbox 560 2447 684 2509; x_wconf 85' lang='lat' dir='ltr'>genera</span> <span class='ocrx_word' id='word_1_148' title='bbox 713 2427 748 2493; x_wconf 92' lang='lat' dir='ltr'>in</span> <span class='ocrx_word' id='word_1_149' title='bbox 769 2428 968 2494; x_wconf 87' lang='lat' dir='ltr'>testimoniis</span> <span class='ocrx_word' id='word_1_150' title='bbox 999 2428 1193 2508; x_wconf 90' lang='lat' dir='ltr'>quibusdam</span> <span class='ocrx_word' id='word_1_151' title='bbox 1232 2428 1395 2511; x_wconf 59' lang='lat' dir='ltr'>Syriacis</span> <span class='ocrx_word' id='word_1_152' title='bbox 1426 2429 1455 2494; x_wconf 92' lang='lat' dir='ltr'>si</span> <span class='ocrx_word' id='word_1_153' title='bbox 1481 2430 1536 2494; x_wconf 83' lang='lat' dir='ltr'>Fr.</span> 
     </span>
     <span class='ocr_line' id='line_1_21' title="bbox 359 2529 1539 2616; baseline 0 -20"><span class='ocrx_word' id='word_1_154' title='bbox 359 2529 661 2597; x_wconf 85' lang='lat' dir='ltr'>Lenormantii</span> <span class='ocrx_word' id='word_1_155' title='bbox 683 2530 976 2612; x_wconf 88' lang='lat' dir='ltr'>interpretamento</span> <span class='ocrx_word' id='word_1_156' title='bbox 999 2530 1079 2596; x_wconf 87' lang='lat' dir='ltr'>fides</span> <span class='ocrx_word' id='word_1_157' title='bbox 1102 2531 1304 2616; x_wconf 84' lang='lat' dir='ltr'>habeatur,⁸)</span> <span class='ocrx_word' id='word_1_158' title='bbox 1328 2532 1384 2612; x_wconf 87' lang='lat' dir='ltr'>qui</span> <span class='ocrx_word' id='word_1_159' title='bbox 1404 2536 1539 2612; x_wconf 89' lang='lat' dir='ltr'>praeter</span> 
     </span>
     <span class='ocr_line' id='line_1_22' title="bbox 359 2633 1536 2716; baseline -0.001 -16"><span class='ocrx_word' id='word_1_160' title='bbox 359 2639 469 2700; x_wconf 88' lang='lat' dir='ltr'>cetera</span> <span class='ocrx_word' id='word_1_161' title='bbox 504 2633 661 2699; x_wconf 89' lang='lat' dir='ltr'>animalia</span> <span class='ocrx_word' id='word_1_162' title='bbox 695 2635 739 2698; x_wconf 92' lang='lat' dir='ltr'>ad</span> <span class='ocrx_word' id='word_1_163' title='bbox 771 2633 981 2714; x_wconf 88' lang='lat' dir='ltr'>extispicium</span> <span class='ocrx_word' id='word_1_164' title='bbox 1017 2633 1169 2699; x_wconf 88' lang='lat' dir='ltr'>adhibita</span> <span class='ocrx_word' id='word_1_165' title='bbox 1199 2639 1372 2700; x_wconf 88' lang='lat' dir='ltr'>enumerat</span> <span class='ocrx_word' id='word_1_166' title='bbox 1407 2635 1536 2716; x_wconf 86' lang='lat' dir='ltr'>vulpem</span> 
     </span>
     <span class='ocr_line' id='line_1_23' title="bbox 358 2736 1536 2819; baseline -0.003 -15"><span class='ocrx_word' id='word_1_167' title='bbox 358 2755 475 2819; x_wconf 85' lang='lat' dir='ltr'>equum</span> <span class='ocrx_word' id='word_1_168' title='bbox 498 2736 626 2803; x_wconf 88' lang='lat' dir='ltr'>asinum</span> <span class='ocrx_word' id='word_1_169' title='bbox 648 2738 774 2803; x_wconf 89' lang='lat' dir='ltr'>leonem</span> <span class='ocrx_word' id='word_1_170' title='bbox 795 2755 907 2802; x_wconf 89' lang='lat' dir='ltr'>ursum</span> <span class='ocrx_word' id='word_1_171' title='bbox 930 2737 1051 2817; x_wconf 87' lang='lat' dir='ltr'>piscem</span> <span class='ocrx_word' id='word_1_172' title='bbox 1076 2755 1224 2818; x_wconf 82' lang='lat' dir='ltr'>anguem.</span> <span class='ocrx_word' id='word_1_173' title='bbox 1268 2737 1354 2802; x_wconf 91' lang='lat' dir='ltr'>Num</span> <span class='ocrx_word' id='word_1_174' title='bbox 1377 2743 1429 2802; x_wconf 90' lang='lat' dir='ltr'>est</span> <span class='ocrx_word' id='word_1_175' title='bbox 1451 2737 1536 2803; x_wconf 85' lang='lat' dir='ltr'>veri-</span> 
     </span>
     <span class='ocr_line' id='line_1_24' title="bbox 358 2838 1536 2920; baseline -0.002 -14"><span class='ocrx_word' id='word_1_176' title='bbox 358 2839 463 2906; x_wconf 89' lang='lat' dir='ltr'>simile</span> <span class='ocrx_word' id='word_1_177' title='bbox 486 2839 629 2906; x_wconf 82' lang='lat' dir='ltr'>Graecos</span> <span class='ocrx_word' id='word_1_178' title='bbox 653 2845 687 2905; x_wconf 90' lang='lat' dir='ltr'>et</span> <span class='ocrx_word' id='word_1_179' title='bbox 708 2839 866 2905; x_wconf 84' lang='lat' dir='ltr'>Etruscos</span> <span class='ocrx_word' id='word_1_180' title='bbox 888 2839 1098 2920; x_wconf 85' lang='lat' dir='ltr'>extispicium</span> <span class='ocrx_word' id='word_1_181' title='bbox 1128 2839 1193 2904; x_wconf 91' lang='lat' dir='ltr'>sibi</span> <span class='ocrx_word' id='word_1_182' title='bbox 1226 2838 1354 2904; x_wconf 92' lang='lat' dir='ltr'>omnino</span> <span class='ocrx_word' id='word_1_183' title='bbox 1384 2838 1536 2919; x_wconf 84' lang='lat' dir='ltr'>alienum,</span> 
     </span>
     <span class='ocr_line' id='line_1_25' title="bbox 357 2941 1537 3025; baseline -0.002 -17"><span class='ocrx_word' id='word_1_184' title='bbox 357 2945 397 3008; x_wconf 91' lang='lat' dir='ltr'>ut</span> <span class='ocrx_word' id='word_1_185' title='bbox 418 2941 634 3008; x_wconf 85' lang='lat' dir='ltr'>Deeckins</span> <span class='ocrx_word' id='word_1_186' title='bbox 657 2941 770 3024; x_wconf 85' lang='lat' dir='ltr'>voluit,</span> <span class='ocrx_word' id='word_1_187' title='bbox 794 2943 836 3007; x_wconf 90' lang='lat' dir='ltr'>ab</span> <span class='ocrx_word' id='word_1_188' title='bbox 859 2941 936 3006; x_wconf 89' lang='lat' dir='ltr'>aliis</span> <span class='ocrx_word' id='word_1_189' title='bbox 959 2942 1114 3023; x_wconf 85' lang='lat' dir='ltr'>gentibus</span> <span class='ocrx_word' id='word_1_190' title='bbox 1136 2947 1304 3008; x_wconf 90' lang='lat' dir='ltr'>mutuatos</span> <span class='ocrx_word' id='word_1_191' title='bbox 1329 2942 1372 3008; x_wconf 93' lang='lat' dir='ltr'>ad</span> <span class='ocrx_word' id='word_1_192' title='bbox 1394 2960 1479 3025; x_wconf 82' lang='lat' dir='ltr'>suae,</span> <span class='ocrx_word' id='word_1_193' title='bbox 1500 2947 1537 3007; x_wconf 91' lang='lat' dir='ltr'>nt</span> 
     </span>
     <span class='ocr_line' id='line_1_26' title="bbox 357 3043 1536 3128; baseline 0 -18"><span class='ocrx_word' id='word_1_194' title='bbox 357 3045 408 3110; x_wconf 87' lang='lat' dir='ltr'>ita</span> <span class='ocrx_word' id='word_1_195' title='bbox 423 3044 578 3128; x_wconf 89' lang='lat' dir='ltr'>dicamus,</span> <span class='ocrx_word' id='word_1_196' title='bbox 600 3043 724 3110; x_wconf 89' lang='lat' dir='ltr'>hostias</span> <span class='ocrx_word' id='word_1_197' title='bbox 746 3043 958 3110; x_wconf 88' lang='lat' dir='ltr'>transtulisse</span> <span class='ocrx_word' id='word_1_198' title='bbox 982 3049 1015 3110; x_wconf 93' lang='lat' dir='ltr'>et</span> <span class='ocrx_word' id='word_1_199' title='bbox 1030 3047 1140 3110; x_wconf 88' lang='lat' dir='ltr'>adeas</span> <span class='ocrx_word' id='word_1_200' title='bbox 1156 3043 1392 3110; x_wconf 83' lang='lat' dir='ltr'>restrinxisse?</span> <span class='ocrx_word' id='word_1_201' title='bbox 1422 3045 1536 3110; x_wconf 91' lang='lat' dir='ltr'>Nonne</span> 
     </span>
     <span class='ocr_line' id='line_1_27' title="bbox 357 3145 1536 3228; baseline -0.003 -13"><span class='ocrx_word' id='word_1_202' title='bbox 357 3147 387 3215; x_wconf 90' lang='lat' dir='ltr'>si</span> <span class='ocrx_word' id='word_1_203' title='bbox 399 3149 460 3214; x_wconf 92' lang='lat' dir='ltr'>hoc</span> <span class='ocrx_word' id='word_1_204' title='bbox 471 3147 521 3214; x_wconf 90' lang='lat' dir='ltr'>ita</span> <span class='ocrx_word' id='word_1_205' title='bbox 532 3167 568 3213; x_wconf 90' lang='lat' dir='ltr'>se</span> <span class='ocrx_word' id='word_1_206' title='bbox 582 3147 729 3228; x_wconf 89' lang='lat' dir='ltr'>haberet,</span> <span class='ocrx_word' id='word_1_207' title='bbox 746 3145 861 3212; x_wconf 88' lang='lat' dir='ltr'>iisdem</span> <span class='ocrx_word' id='word_1_208' title='bbox 873 3147 966 3213; x_wconf 92' lang='lat' dir='ltr'>usuri</span> <span class='ocrx_word' id='word_1_209' title='bbox 980 3146 1122 3213; x_wconf 84' lang='lat' dir='ltr'>inissent</span> <span class='ocrx_word' id='word_1_210' title='bbox 1136 3146 1254 3212; x_wconf 91' lang='lat' dir='ltr'>hostiis</span> <span class='ocrx_word' id='word_1_211' title='bbox 1270 3149 1313 3212; x_wconf 91' lang='lat' dir='ltr'>ad</span> <span class='ocrx_word' id='word_1_212' title='bbox 1329 3146 1536 3228; x_wconf 88' lang='lat' dir='ltr'>extispicium</span> 
     </span>
     <span class='ocr_line' id='line_1_28' title="bbox 357 3239 1537 3332; baseline -0.003 -15"><span class='ocrx_word' id='word_1_213' title='bbox 357 3239 544 3318; x_wconf 84' lang='lat' dir='ltr'>iaciendum</span> <span class='ocrx_word' id='word_1_214' title='bbox 573 3255 673 3331; x_wconf 88' lang='lat' dir='ltr'>atque</span> <span class='ocrx_word' id='word_1_215' title='bbox 702 3249 727 3315; x_wconf 92' lang='lat' dir='ltr'>ii</span> <span class='ocrx_word' id='word_1_216' title='bbox 760 3249 881 3332; x_wconf 93' lang='lat' dir='ltr'>populi,</span> <span class='ocrx_word' id='word_1_217' title='bbox 915 3269 935 3315; x_wconf 90' lang='lat' dir='ltr'>a</span> <span class='ocrx_word' id='word_1_218' title='bbox 965 3249 1083 3330; x_wconf 87' lang='lat' dir='ltr'>quibus</span> <span class='ocrx_word' id='word_1_219' title='bbox 1114 3268 1131 3315; x_wconf 86' lang='lat' dir='ltr'>e</span> <span class='ocrx_word' id='word_1_220' title='bbox 1161 3248 1343 3315; x_wconf 90' lang='lat' dir='ltr'>Deeckii</span> <span class='ocrx_word' id='word_1_221' title='bbox 1370 3249 1537 3315; x_wconf 88' lang='lat' dir='ltr'>sententia</span> 
     </span>
     <span class='ocr_line' id='line_1_29' title="bbox 356 3351 1536 3434; baseline -0.003 -15"><span class='ocrx_word' id='word_1_222' title='bbox 356 3353 448 3420; x_wconf 90' lang='lat' dir='ltr'>illam</span> <span class='ocrx_word' id='word_1_223' title='bbox 470 3357 640 3418; x_wconf 87' lang='lat' dir='ltr'>externam</span> <span class='ocrx_word' id='word_1_224' title='bbox 662 3358 767 3418; x_wconf 87' lang='lat' dir='ltr'>artem</span> <span class='ocrx_word' id='word_1_225' title='bbox 789 3351 1017 3434; x_wconf 80' lang='lat' dir='ltr'>recepissent?</span> <span class='ocrx_word' id='word_1_226' title='bbox 1061 3351 1144 3417; x_wconf 92' lang='lat' dir='ltr'>Nam</span> <span class='ocrx_word' id='word_1_227' title='bbox 1175 3351 1412 3433; x_wconf 88' lang='lat' dir='ltr'>posterioribus</span> <span class='ocrx_word' id='word_1_228' title='bbox 1435 3351 1536 3417; x_wconf 90' lang='lat' dir='ltr'>etiam</span> 
     </span>
     <span class='ocr_line' id='line_1_30' title="bbox 357 3452 1537 3537; baseline -0.002 -17"><span class='ocrx_word' id='word_1_229' title='bbox 357 3454 574 3536; x_wconf 88' lang='lat' dir='ltr'>temporibus,</span> <span class='ocrx_word' id='word_1_230' title='bbox 613 3454 670 3534; x_wconf 91' lang='lat' dir='ltr'>qui</span> <span class='ocrx_word' id='word_1_231' title='bbox 703 3454 831 3520; x_wconf 88' lang='lat' dir='ltr'>externi</span> <span class='ocrx_word' id='word_1_232' title='bbox 864 3459 960 3520; x_wconf 90' lang='lat' dir='ltr'>erant</span> <span class='ocrx_word' id='word_1_233' title='bbox 997 3455 1119 3537; x_wconf 87' lang='lat' dir='ltr'>cultus,</span> <span class='ocrx_word' id='word_1_234' title='bbox 1154 3453 1223 3519; x_wconf 90' lang='lat' dir='ltr'>ritu</span> <span class='ocrx_word' id='word_1_235' title='bbox 1257 3454 1356 3536; x_wconf 90' lang='lat' dir='ltr'>plane</span> <span class='ocrx_word' id='word_1_236' title='bbox 1390 3471 1448 3518; x_wconf 90' lang='lat' dir='ltr'>sno</span> <span class='ocrx_word' id='word_1_237' title='bbox 1482 3452 1537 3534; x_wconf 83' lang='lat' dir='ltr'>agi</span> 
     </span>
     <span class='ocr_line' id='line_1_31' title="bbox 357 3557 516 3624; baseline -0.019 0"><span class='ocrx_word' id='word_1_238' title='bbox 357 3557 516 3624; x_wconf 86' lang='lat' dir='ltr'>solebant.</span> 
     </span>
    </p>
   </div>
   <div class='ocr_carea' id='block_1_3' title="bbox 357 3673 1537 3860">
    <p class='ocr_par' dir='ltr' id='par_1_3' title="bbox 357 3673 1537 3860">
     <span class='ocr_line' id='line_1_32' title="bbox 442 3673 1537 3756; baseline -0.004 -13"><span class='ocrx_word' id='word_1_239' title='bbox 442 3677 570 3743; x_wconf 81' lang='lat' dir='ltr'>Novum</span> <span class='ocrx_word' id='word_1_240' title='bbox 601 3677 775 3756; x_wconf 87' lang='lat' dir='ltr'>praeterea</span> <span class='ocrx_word' id='word_1_241' title='bbox 805 3682 921 3742; x_wconf 89' lang='lat' dir='ltr'>contra</span> <span class='ocrx_word' id='word_1_242' title='bbox 951 3675 1129 3742; x_wconf 87' lang='lat' dir='ltr'>Deeckii</span> <span class='ocrx_word' id='word_1_243' title='bbox 1159 3674 1357 3741; x_wconf 88' lang='lat' dir='ltr'>sententiam</span> <span class='ocrx_word' id='word_1_244' title='bbox 1397 3674 1443 3740; x_wconf 91' lang='lat' dir='ltr'>eis</span> <span class='ocrx_word' id='word_1_245' title='bbox 1481 3673 1537 3755; x_wconf 90' lang='lat' dir='ltr'>qui</span> 
     </span>
     <span class='ocr_line' id='line_1_33' title="bbox 357 3776 1536 3860; baseline -0.003 -16"><span class='ocrx_word' id='word_1_246' title='bbox 357 3797 444 3845; x_wconf 89' lang='lat' dir='ltr'>nuno</span> <span class='ocrx_word' id='word_1_247' title='bbox 473 3782 551 3844; x_wconf 89' lang='lat' dir='ltr'>sunt</span> <span class='ocrx_word' id='word_1_248' title='bbox 579 3776 764 3844; x_wconf 91' lang='lat' dir='ltr'>hominibus</span> <span class='ocrx_word' id='word_1_249' title='bbox 793 3779 956 3860; x_wconf 86' lang='lat' dir='ltr'>praebent</span> <span class='ocrx_word' id='word_1_250' title='bbox 978 3783 1205 3860; x_wconf 84' lang='lat' dir='ltr'>argumentum</span> <span class='ocrx_word' id='word_1_251' title='bbox 1235 3777 1381 3842; x_wconf 87' lang='lat' dir='ltr'>iocinore</span> <span class='ocrx_word' id='word_1_252' title='bbox 1404 3795 1444 3841; x_wconf 86' lang='lat' dir='ltr'>ex</span> <span class='ocrx_word' id='word_1_253' title='bbox 1474 3795 1536 3842; x_wconf 88' lang='lat' dir='ltr'>usu</span> 
     </span>
    </p>
   </div>
   <div class='ocr_carea' id='block_1_4' title="bbox 355 4047 1538 4458">
    <p class='ocr_par' dir='ltr' id='par_1_4' title="bbox 445 4047 886 4118">
     <span class='ocr_line' id='line_1_34' title="bbox 445 4047 886 4118; baseline -0.007 -13"><span class='ocrx_word' id='word_1_254' title='bbox 445 4049 565 4118; x_wconf 81' lang='lat' dir='ltr'><strong>¹)V12‚</strong></span> <span class='ocrx_word' id='word_1_255' title='bbox 587 4051 611 4103; x_wconf 80' lang='grc' dir='ltr'>ὁ.</span> <span class='ocrx_word' id='word_1_256' title='bbox 716 4047 840 4116; x_wconf 79' lang='lat' dir='ltr'><strong>¹)v12,</strong></span> <span class='ocrx_word' id='word_1_257' title='bbox 862 4048 886 4103; x_wconf 85' lang='lat'>4.</span> 
     </span>
    </p>

    <p class='ocr_par' dir='ltr' id='par_1_5' title="bbox 355 4131 1538 4375">
     <span class='ocr_line' id='line_1_35' title="bbox 443 4131 1536 4205; baseline -0.004 -16"><span class='ocrx_word' id='word_1_258' title='bbox 443 4132 465 4205; x_wconf 86' lang='lat'>⁸)</span> <span class='ocrx_word' id='word_1_259' title='bbox 483 4134 525 4189; x_wconf 73' lang='lat' dir='ltr'>(li.</span> <span class='ocrx_word' id='word_1_260' title='bbox 560 4135 591 4189; x_wconf 94' lang='lat' dir='ltr'>P.</span> <span class='ocrx_word' id='word_1_261' title='bbox 616 4134 777 4203; x_wconf 79' lang='lat' dir='ltr'>Stengal,</span> <span class='ocrx_word' id='word_1_262' title='bbox 813 4131 870 4187; x_wconf 77' lang='lat' dir='ltr'>Die</span> <span class='ocrx_word' id='word_1_263' title='bbox 891 4132 991 4203; x_wconf 73' lang='lat' dir='ltr'>priscis.</span> <span class='ocrx_word' id='word_1_264' title='bbox 1019 4131 1229 4187; x_wconf 58' lang='lat' dir='ltr'>Rauracum!</span> <span class='ocrx_word' id='word_1_265' title='bbox 1258 4149 1283 4200; x_wconf 96' lang='lat' dir='ltr'>p.</span> <span class='ocrx_word' id='word_1_266' title='bbox 1309 4132 1343 4186; x_wconf 79' lang='lat'>56</span> <span class='ocrx_word' id='word_1_267' title='bbox 1373 4132 1463 4186; x_wconf 67' lang='lat' dir='ltr'>ahot.</span> <span class='ocrx_word' id='word_1_268' title='bbox 1491 4132 1536 4198; x_wconf 85' lang='lat'>10;</span> 
     </span>
     <span class='ocr_line' id='line_1_36' title="bbox 355 4217 1538 4288; baseline -0.006 -12"><span class='ocrx_word' id='word_1_269' title='bbox 355 4221 386 4275; x_wconf 85' lang='lat' dir='ltr'>G.</span> <span class='ocrx_word' id='word_1_270' title='bbox 406 4220 589 4288; x_wconf 86' lang='lat' dir='ltr'>Wissows‚</span> <span class='ocrx_word' id='word_1_271' title='bbox 608 4218 737 4288; x_wconf 77' lang='lat' dir='ltr'>Relipioa</span> <span class='ocrx_word' id='word_1_272' title='bbox 754 4217 812 4272; x_wconf 78' lang='lat' dir='ltr'>aad</span> <span class='ocrx_word' id='word_1_273' title='bbox 828 4217 935 4272; x_wconf 81' lang='lat' dir='ltr'>Kaltos</span> <span class='ocrx_word' id='word_1_274' title='bbox 953 4217 1001 4272; x_wconf 77' lang='lat' dir='ltr'>dar</span> <span class='ocrx_word' id='word_1_275' title='bbox 1019 4217 1122 4272; x_wconf 69' lang='lat' dir='ltr'>Bianor</span> <span class='ocrx_word' id='word_1_276' title='bbox 1146 4235 1171 4286; x_wconf 91' lang='lat' dir='ltr'>p.</span> <span class='ocrx_word' id='word_1_277' title='bbox 1190 4218 1241 4272; x_wconf 76' lang='grc'>347</span> <span class='ocrx_word' id='word_1_278' title='bbox 1255 4233 1343 4288; x_wconf 85' lang='lat' dir='ltr'>seqq.;</span> <span class='ocrx_word' id='word_1_279' title='bbox 1369 4217 1443 4272; x_wconf 83' lang='lat' dir='ltr'>inira</span> <span class='ocrx_word' id='word_1_280' title='bbox 1459 4233 1485 4286; x_wconf 91' lang='lat' dir='ltr'>p.</span> <span class='ocrx_word' id='word_1_281' title='bbox 1503 4217 1538 4269; x_wconf 81' lang='lat'>34</span> 
     </span>
     <span class='ocr_line' id='line_1_37' title="bbox 356 4301 1537 4375; baseline -0.005 -15"><span class='ocrx_word' id='word_1_282' title='bbox 356 4305 449 4360; x_wconf 90' lang='lat' dir='ltr'>adnot.</span> <span class='ocrx_word' id='word_1_283' title='bbox 467 4305 491 4359; x_wconf 89' lang='lat'>1.</span> <span class='ocrx_word' id='word_1_284' title='bbox 595 4304 618 4375; x_wconf 83' lang='lat'>⁴)</span> <span class='ocrx_word' id='word_1_285' title='bbox 638 4304 708 4358; x_wconf 87' lang='lat' dir='ltr'>llist.</span> <span class='ocrx_word' id='word_1_286' title='bbox 726 4305 798 4358; x_wconf 85' lang='lat'>113.</span> <span class='ocrx_word' id='word_1_287' title='bbox 902 4303 924 4372; x_wconf 80' lang='lat'>¹)</span> <span class='ocrx_word' id='word_1_288' title='bbox 943 4303 998 4358; x_wconf 85' lang='lat' dir='ltr'>Sat.</span> <span class='ocrx_word' id='word_1_289' title='bbox 1017 4303 1057 4358; x_wconf 92' lang='lat' dir='ltr'>VI</span> <span class='ocrx_word' id='word_1_290' title='bbox 1075 4303 1212 4372; x_wconf 71' lang='lat' dir='ltr'>maseqq.</span> <span class='ocrx_word' id='word_1_291' title='bbox 1321 4303 1342 4372; x_wconf 80' lang='lat'>⁶)</span> <span class='ocrx_word' id='word_1_292' title='bbox 1359 4301 1416 4356; x_wconf 76' lang='lat' dir='ltr'>Sat.</span> <span class='ocrx_word' id='word_1_293' title='bbox 1433 4301 1478 4356; x_wconf 93' lang='lat' dir='ltr'>III</span> <span class='ocrx_word' id='word_1_294' title='bbox 1495 4301 1537 4355; x_wconf 77' lang='lat'>43.</span> 
     </span>
    </p>

    <p class='ocr_par' dir='ltr' id='par_1_6' title="bbox 444 4385 1474 4458">
     <span class='ocr_line' id='line_1_38' title="bbox 444 4385 1474 4458; baseline -0.003 -13"><span class='ocrx_word' id='word_1_295' title='bbox 444 4386 465 4445; x_wconf 80' lang='lat' dir='ltr'>⁷l</span> <span class='ocrx_word' id='word_1_296' title='bbox 483 4390 523 4445; x_wconf 87' lang='lat' dir='ltr'>De</span> <span class='ocrx_word' id='word_1_297' title='bbox 541 4390 596 4446; x_wconf 86' lang='lat' dir='ltr'>div.</span> <span class='ocrx_word' id='word_1_298' title='bbox 614 4389 644 4444; x_wconf 89' lang='lat'>11</span> <span class='ocrx_word' id='word_1_299' title='bbox 661 4388 702 4442; x_wconf 74' lang='lat'>29.</span> <span class='ocrx_word' id='word_1_300' title='bbox 802 4389 824 4458; x_wconf 79' lang='grc'>8)</span> <span class='ocrx_word' id='word_1_301' title='bbox 841 4388 896 4443; x_wconf 82' lang='lat' dir='ltr'>Lea</span> <span class='ocrx_word' id='word_1_302' title='bbox 913 4389 1030 4443; x_wconf 66' lang='lat' dir='ltr'>ammosa</span> <span class='ocrx_word' id='word_1_303' title='bbox 1048 4388 1162 4443; x_wconf 80' lang='lat' dir='ltr'>occultas</span> <span class='ocrx_word' id='word_1_304' title='bbox 1179 4404 1212 4442; x_wconf 74' lang='lat' dir='ltr'>aa</span> <span class='ocrx_word' id='word_1_305' title='bbox 1229 4387 1295 4442; x_wconf 81' lang='lat' dir='ltr'>Asia</span> <span class='ocrx_word' id='word_1_306' title='bbox 1313 4403 1339 4457; x_wconf 89' lang='lat' dir='ltr'>p.</span> <span class='ocrx_word' id='word_1_307' title='bbox 1358 4385 1474 4454; x_wconf 77' lang='lat' dir='ltr'>bbseqq.</span> 
     </span>
    </p>
   </div>
   <div class='ocr_carea' id='block_1_5' title="bbox 0 0 1750 5092">
    <p class='ocr_par' dir='ltr' id='par_1_7' title="bbox 0 0 1750 5092">
     <span class='ocr_line' id='line_1_39' title="bbox 0 0 1750 5092; baseline 0 0"><span class='ocrx_word' id='word_1_308' title='bbox 0 0 1750 5092; x_wconf 95' lang='lat' dir='ltr'> </span> 
     </span>
    </p>
   </div>
  </div>
 </body>
</html>
