3492 5092
296 382 360 447 240
751 377 884 447 Georgius
904 377 1019 432 Blacher
1419 379 1473 464 [70

296 558 414 619 actum.
464 551 575 617 Aliter
606 569 641 616 se
670 550 810 632 habent,
842 567 927 630 quae
957 552 1134 630 praeterea
1174 553 1322 632 exstant,
1352 550 1474 617 tertiae

296 654 413 722 classis
432 653 568 736 effigies.
597 651 683 718 Sunt
698 651 793 732 enim,
808 650 838 716 si
853 650 932 732 quid
947 649 1104 734 videmus,
1118 656 1328 716 monumenta
1342 655 1472 719 tantum

296 775 415 839 eorum,
431 755 488 837 qui
503 753 670 836 extispicii
685 755 853 820 habebant
870 772 996 836 munus
1019 752 1090 820 sive
1105 752 1249 834 ipsorum
1264 753 1473 837 sepulcralia,

295 859 367 926 sive
395 858 510 925 votiva
539 859 582 923 ab
613 855 681 922 illis
715 859 773 922 deo
804 855 932 922 cuidam
954 855 1071 936 posita.
1122 854 1228 920 Huius
1258 856 1390 938 generis
1422 864 1473 923 est

296 981 424 1045 gemma
440 959 699 1044 Berolinensis1)
722 961 810 1024 haud
826 957 923 1023 nimis
939 957 1128 1040 artificiosa,
1147 958 1183 1023 in
1200 977 1264 1038 qua
1279 958 1471 1040 extispicem

295 1064 446 1130 videmus
475 1063 592 1129 baculo
621 1062 749 1144 nixum,
778 1060 835 1142 qui
864 1060 1002 1126 sinistra
1030 1079 1128 1124 manu
1158 1065 1250 1126 tenet
1280 1066 1366 1144 exta,
1400 1081 1472 1128 cum

295 1169 415 1232 dextra
443 1165 548 1248 digito
585 1184 626 1230 ea
654 1168 822 1229 monstret.
873 1162 980 1228 Huius
1010 1162 1241 1228 vestimentum
1278 1182 1343 1229 non
1371 1164 1474 1231 nimia

295 1267 501 1351 longitudine
524 1272 559 1332 et
581 1266 798 1348 amplitudine
819 1265 950 1346 insigne
979 1266 1040 1330 sub
1062 1267 1178 1331 dextro
1209 1266 1336 1332 lacerto
1365 1272 1473 1333 trans·

295 1371 441 1436 mittitur
463 1371 505 1436 ad
520 1372 687 1435 humerum
701 1369 842 1452 laevum,
864 1367 913 1433 ita
927 1372 965 1432 ut
980 1369 1131 1433 dextrum
1146 1369 1235 1434 latus
1250 1387 1315 1434 non
1330 1374 1474 1452 tegatur.

295 1472 507 1554 Adscriptum
539 1477 590 1538 est
622 1473 836 1538 Etruscorum
869 1471 968 1552 amis,
1005 1473 1091 1550 quod
1119 1471 1259 1537 Romani
1295 1473 1474 1539 vertebant

294 1579 384 1642 coms.
439 1576 620 1640 Praeterea
655 1574 691 1640 in
723 1574 837 1639 Museo
870 1572 1039 1640 Avennico
1080 1577 1236 1640 servatur
1276 1575 1337 1640 sub
1373 1575 1473 1641 titulo

294 1677 484 1758 Aesculapii
499 1681 611 1742 statua
626 1695 738 1758 aenea,
762 1695 859 1756 quam
872 1675 936 1742 Sal.
959 1674 1260 1760 Rotnaonius2)
1283 1695 1416 1760 summo,
1436 1683 1473 1744 ut

295 1779 389 1846 nobis
411 1779 541 1860 quidem
564 1779 706 1860 videtur,
731 1778 803 1843 iure
833 1779 933 1844 habet
955 1777 1149 1859 extispicem
1176 1778 1301 1859 aliquid
1323 1783 1471 1845 extorum

295 1883 415 1948 dextra
435 1882 642 1967 tenentem.³)
686 1881 904 1961 Aesculapius
927 1884 1037 1946 autem
1063 1881 1247 1947 vocabatur
1270 1885 1383 1948 statua
1404 1881 1472 1963 illa,

295 1985 374 2065 quia
395 1984 500 2067 primo
523 1985 641 2050 obtutu
663 1985 751 2049 haud
774 1981 944 2048 dissimilis
978 2001 1051 2048 esse
1080 1982 1259 2049 videbatur
1282 1984 1473 2066 Aesculapii

295 2086 434 2169 imagini
449 2086 484 2152 in
496 2088 606 2153 eodem
623 2104 733 2152 museo
749 2087 949 2152 adservatae
965 2085 1022 2166 qui
1037 2085 1190 2151 baculum
1204 2090 1297 2152 tenet
1319 2089 1473 2168 serpente

296 2207 355 2255 sno
384 2189 611 2273 redimitumf)
661 2187 805 2254 Etiamsi
834 2188 1040 2271 ignoramus
1073 2187 1154 2268 quid
1182 2188 1329 2254 tenuerit
1358 2208 1473 2270 manus

296 2296 431 2358 statuae
453 2292 543 2358 illius
558 2291 696 2356 sinistra
714 2309 801 2356 nunc
821 2289 1001 2372 deperdita,
1023 2291 1088 2356 etsi
1110 2295 1284 2371 praeterea
1305 2291 1341 2356 in
1363 2291 1472 2372 capite

297 2393 474 2460 similitudo
496 2396 659 2474 quaedam
682 2393 770 2458 haud
799 2393 922 2458 iniuria
952 2397 1151 2474 agnoscatur
1180 2412 1252 2460 cum
1275 2395 1472 2476 Aesculapio

296 2495 450 2579 existens,
480 2500 593 2562 tamen
621 2500 691 2561 toto
720 2495 865 2576 corporis
894 2495 1014 2561 habitu
1042 2515 1158 2577 pamm
1188 2495 1299 2562 divino
1329 2495 1472 2578 suspicio

296 2603 453 2681 movetur,
476 2617 549 2664 eum
571 2617 775 2678 nequaquam
791 2597 981 2679 Aesculapii
1003 2597 1181 2682 imaginem
1196 2617 1277 2664 esse.
1322 2598 1408 2665 Sane
1430 2598 1473 2681 id,

297 2703 381 2782 quod
396 2703 514 2767 dextra
529 2720 643 2766 manus
658 2705 760 2784 tenet,
783 2701 870 2767 extis
886 2701 1025 2767 similius
1041 2706 1100 2783 est,
1124 2720 1221 2781 quam
1243 2706 1281 2767 ut
1303 2701 1472 2783 repudiari

296 2803 400 2884 possit
421 2803 653 2870 Reinachii
676 2804 873 2870 coniectura.

382 2922 541 3004 Tertium,
564 2925 648 3003 quod
663 2927 775 2988 exstat
788 2923 887 2988 huius
901 2923 1033 3004 generis
1056 2923 1273 3008 simulacrum,
1296 2928 1348 2990 est
1370 2943 1473 2992 urnae

296 3024 482 3106 operculum
497 3025 563 3089 iam
580 3045 601 3090 a
622 3025 856 3111 Deeckioll,
877 3031 992 3106 postea
1013 3026 1241 3111 aStiedal)
1264 3026 1473 3110 descriptum.

296 3125 360 3193 Est
380 3127 452 3194 sine
475 3127 574 3193 dubio
587 3132 828 3193 monumentum
845 3127 1038 3208 sepulcrale.
1081 3129 1245 3211 Extispex
1260 3129 1472 3214 diadematus

391 3331 411 3399 ¹)
430 3333 463 3387 V.
482 3333 593 3387 tabulae
610 3333 640 3386 11
657 3332 704 3401 lig.
723 3332 740 3385 4
757 3333 872 3401 petitam
890 3347 924 3387 ex
941 3332 1222 3402 Furtwaengleri
1246 3335 1402 3390 collectione
1418 3335 1475 3388 Dic

298 3416 412 3470 astitero
432 3416 563 3472 Gemmas
581 3418 636 3472 tab.
654 3417 721 3471 XIX
738 3435 781 3474 no.
799 3419 824 3473 8.

382 3502 404 3570 ²)
421 3501 515 3556 Revoca
533 3502 607 3557 arola.
626 3503 674 3556 XL
694 3503 761 3556 1902
778 3520 805 3572 p.
824 3503 882 3557 137.

383 3585 403 3656 ¹)
421 3588 455 3643 V.
467 3594 576 3643 nostrae
585 3587 697 3643 tabulae
705 3589 750 3642 III
758 3588 805 3657 lig.
818 3589 834 3642 1
847 3589 949 3657 publici
957 3589 1025 3643 iuris
1038 3589 1156 3644 nondum
1165 3590 1267 3646 factam
1279 3596 1308 3645 et
1317 3607 1471 3660 expressam

296 3687 329 3726 ex
347 3678 443 3742 ectypo
460 3674 525 3728 solis
542 3673 626 3728 radiis
645 3673 758 3742 depicto.

381 3758 403 3828 ⁴)
423 3759 509 3814 Musei
531 3759 606 3813 illius
629 3758 845 3814 administratori
865 3760 1042 3828 Labaude,
1067 3760 1114 3828 qui
1138 3761 1237 3814 dehac
1252 3775 1280 3814 re
1298 3775 1347 3828 per
1363 3759 1472 3816 litteras

296 3842 408 3898 comiter
425 3860 468 3898 me
486 3844 627 3899 certiorem
651 3844 718 3898 lecit
735 3850 763 3899 et
781 3850 908 3913 ectypum
934 3845 1035 3913 publici
1058 3844 1126 3900 iuris
1152 3845 1242 3900 facere
1265 3843 1383 3914 benigne
1406 3845 1473 3901 mihi

296 3927 428 3996 permisit,
446 3929 553 3998 gratias
570 3930 656 3984 habeo
674 3928 789 3984 debitas.

382 4012 403 4082 ὃ)
422 4013 569 4084 Deeclre,
586 4013 649 4068 Etr.
667 4013 865 4085 Foroodcapcc
882 4015 907 4071 V
924 4032 950 4084 p.
968 4015 1010 4070 65.

383 4099 404 4169 ⁶)
422 4100 725 4168 Merkel-Bonuet,
751 4100 880 4155 Acctom.
903 4099 989 4169 Hosto
1012 4101 1026 4154 Ι
1044 4101 1095 4162 vol.
1113 4102 1164 4158 XV
1182 4117 1207 4171 p.
1225 4101 1290 4170 6813
1314 4117 1341 4156 v.
1365 4105 1473 4158 nostrae

296 4184 407 4240 tabulas
424 4185 468 4239 ΙΙΙ
485 4185 562 4255 fig.2
579 4185 698 4240 nondum
715 4185 890 4255 publicatam,
914 4202 995 4254 quam
1013 4187 1193 4256 expressimus
1216 4203 1250 4242 ex
1268 4192 1363 4256 ectypo
1380 4187 1473 4256 photo-

297 4271 434 4339 graphioo.
469 4271 557 4326 Musei
569 4270 726 4326 Volterrani
743 4271 959 4327 administratori
976 4272 1129 4340 Solaini,
1148 4272 1195 4340 qui
1212 4272 1241 4327 in
1253 4273 1341 4328 lucem
1353 4271 1473 4342 prolerre

297 4360 424 4425 ectypum
442 4355 508 4410 mihi
526 4355 657 4424 permisit,
676 4356 782 4426 gratias
799 4357 881 4412 debeo
899 4357 1039 4412 maximas.
