3492 5092
396 431 459 498 190
852 429 987 500 Georgius
1003 429 1118 486 Blecher
1518 429 1575 516 [20

481 600 696 683 spirantis
725 605 848 668 artus
874 619 1055 683 poscens
1084 617 1292 681 responsa
1314 602 1520 667 sacerdos

481 723 527 770 ac
547 703 784 787 fugientem
799 703 1229 786 animamproperatis
1244 702 1438 769 consulit
1459 702 1574 769 extis.

481 856 552 922 Sil.
585 855 681 922 ital.
703 855 784 921 Pun.
807 856 824 921 Ι
849 857 910 921 137
923 874 1028 937 seqq:

1085 973 1411 1041 ...Venientia
1439 975 1532 1041 fata

524 1078 635 1144 scire
665 1078 783 1144 ultra
806 1077 951 1146 vetnit
973 1077 1077 1146 Iuno
1099 1076 1329 1159 fibraeque
1351 1081 1532 1173 repente

525 1187 786 1255 conticuere.
807 1188 952 1253 latent
974 1205 1100 1253 casus
1121 1187 1325 1271 longique
1348 1187 1531 1255 labores.

483 1345 553 1411 Sil.
582 1345 679 1410 Ital.
705 1344 788 1410 Pun.
810 1345 841 1409 V
864 1344 927 1409 162
943 1362 1025 1424 seq:

1169 1494 1206 1513 ..
1229 1497 1236 1510 .
1259 1445 1386 1512 Extis

525 1547 696 1629 quaesitae
725 1548 829 1615 fibrae
851 1567 1021 1629 vanusque
1042 1553 1190 1614 moratur
1210 1549 1384 1630 haruspex.

483 1701 594 1767 Suet.
617 1701 725 1768 Galba
755 1703 810 1768 19:
838 1702 965 1768 Prius
995 1720 1095 1769 vero
1125 1721 1245 1782 quam
1283 1701 1575 1785 occideretur,

398 1802 725 1870 sacrificantem
752 1823 848 1870 mane
869 1804 1084 1886 haruspex
1106 1803 1286 1870 identidem
1308 1803 1485 1880 monuit,
1507 1823 1575 1870 ca·

400 1910 525 1972 reret
546 1906 797 1990 periculum,
820 1925 899 1972 non
920 1907 1046 1988 longe
1068 1925 1348 1988 percussores
1372 1909 1531 1974 abesse.

485 2059 714 2126 Tac.hist.1
739 2062 797 2126 27:
830 2060 949 2126 XVIII
971 2060 1068 2126 Febr.
1097 2059 1378 2126 sacrificanti
1404 2078 1462 2140 pro
1492 2061 1574 2126 aede

400 2163 564 2245 Apollinis
586 2161 750 2229 Galbae
772 2164 993 2244 haruspex
1015 2161 1260 2229 Umbricius
1289 2161 1446 2228 tristia
1474 2167 1574 2228 exta

399 2269 442 2331 et
463 2265 684 2332 instantes
705 2264 893 2332 insidias
915 2284 961 2331 ac
981 2264 1439 2332 domesticnmhostem
1454 2283 1575 2346 prae-

399 2367 559 2452 dicit,¹)
579 2366 735 2433 audiente
758 2367 886 2434 Othone
909 2367 997 2450 (nam
1019 2367 1184 2450 proximus
1200 2366 1394 2452 adstiterat)
1416 2367 1516 2448 idque
1537 2371 1576 2433 ut

397 2469 730 2535 laetumeeontrario
739 2475 773 2535 et
784 2469 853 2536 suis
862 2470 1118 2553 cogitationibus
1126 2487 1317 2551 prosperum
1326 2469 1577 2551 interpretante.

485 2625 575 2689 Tac.
605 2622 736 2690 histll
764 2625 820 2690 78:
851 2623 1142 2690 sacrificanti
1172 2623 1456 2708 Vespasiano,
1489 2642 1576 2690 cum

399 2744 494 2809 spes
524 2726 718 2792 occultas
755 2731 957 2794 versaret
985 2726 1137 2810 animo,
1173 2726 1339 2792 Basilides
1373 2726 1576 2792 sacerdos

399 2827 613 2909 inspectis
657 2828 836 2895 identidem
882 2829 998 2894 extis
1042 2827 1264 2910 ‘quiequid
1299 2830 1389 2910 est',
1432 2827 1577 2908 inquit

398 2929 690 3014 ‘Vespasiane,
713 2933 821 3010 quod
836 2950 977 3014 paras,
993 2950 1065 2998 seu
1081 2933 1238 2997 domum
1254 2935 1484 2997 exstruere
1504 2948 1577 2996 seu

398 3032 623 3114 prolatare
659 3052 784 3116 agros
825 3035 919 3099 sive
960 3033 1169 3116 ampliare
1208 3033 1413 3116 servitia,
1450 3035 1578 3099 datur

399 3133 646 3218 tibimagna
664 3137 804 3218 sedes,
826 3135 1239 3219 ingentestermini‚
1258 3133 1577 3202 multnmhomi-

397 3237 507 3302 num.’
537 3239 612 3304 has
647 3238 846 3320 ambages
880 3243 921 3304 et
953 3238 1103 3304 statim
1136 3244 1371 3321 exceperat
1403 3238 1514 3304 fama
1543 3242 1577 3304 et

397 3343 500 3405 tnnc
522 3339 763 3420 aperiebat:
779 3359 840 3406 nee
855 3340 1027 3422 quicquam
1041 3341 1147 3422 magis
1163 3341 1198 3406 in
1211 3359 1267 3407 ore
1282 3340 1381 3424 volgi.
1397 3339 1577 3406 crebriores

398 3443 486 3522 apud
507 3439 613 3523 ipsum
637 3461 809 3525 sermones,
831 3447 955 3524 quanto
977 3443 1188 3524 sperantibus
1211 3445 1307 3526 plura
1330 3443 1492 3510 dicuntur.

419 3597 427 3610 ”
484 3598 575 3662 Tac.
597 3595 724 3663 histli
746 3598 782 3662 4:
805 3597 929 3662 'litus
1030 3599 1070 3664 de
1092 3597 1382 3682 navigatione
1403 3596 1577 3678 primum

400 3699 602 3766 consulit.
625 3702 797 3782 postquam
827 3698 956 3780 pandi
985 3699 1096 3765 viam
1128 3703 1163 3765 et
1190 3718 1300 3765 mare
1330 3717 1577 3781 prosperum

400 3801 536 3884 accepit,
557 3804 604 3866 de
627 3819 670 3868 se
699 3819 774 3883 per
803 3802 1002 3883 ambages
1029 3801 1278 3885 interrogat
1307 3801 1450 3868 caesis
1480 3819 1577 3867 com·

398 3902 600 3985 pluribus
618 3902 787 3970 hostiis.
831 3903 1003 3970 Sostratus
1019 3903 1212 3989 (sacerdotis
1227 3904 1263 3969 id
1277 3922 1394 3970 nomeu
1408 3907 1504 3987 erat),
1521 3902 1578 3972 ubi

398 4007 518 4072 laeta
551 4009 593 4070 et
629 4005 916 4089 congruentia
949 4010 1049 4072 exta
1078 4005 1330 4089 magnisque
1360 4003 1578 4074 consultis

399 4109 586 4174 adnuere
616 4109 732 4173 deam
761 4107 948 4193 (Venerem)
981 4107 1120 4192 videt,
1150 4127 1257 4190 pauca
1286 4108 1322 4174 in
1352 4125 1511 4190 praesens
1544 4115 1579 4172 et

400 4209 498 4276 solita
519 4212 727 4293 respondeus,
748 4209 890 4292 petito
912 4216 1084 4277 secreto
1106 4210 1257 4276 futura
1280 4209 1433 4293 aperit.

407 4333 612 4342 —------—-

486 4395 507 4464 ¹)
526 4394 566 4450 Gi.
586 4395 661 4450 (lasa
679 4394 731 4450 Dio
749 4395 846 4463 LXIV,
865 4395 896 4464 53
915 4396 988 4452 Plut.
1008 4396 1085 4452 eall.
1105 4397 1146 4452 24.
