3492 5092
275 288 332 376 39]
681 291 722 342 De
740 289 882 358 extispicio
900 290 990 358 capita
1008 290 1064 345 tria
1392 293 1456 359 209

268 480 341 525 esse
369 459 446 543 deos,
469 478 540 540 ergo
561 479 636 522 sane
660 479 723 524 esse
747 459 1003 546 diuinationem.1)
1046 462 1159 542 Neque
1189 467 1299 530 autem
1321 481 1455 545 persua-

276 565 357 629 dere
379 562 444 629 sibi
476 565 632 644 poterant
661 562 763 628 Stoici
792 563 828 629 id
851 565 936 644 quod
965 563 1083 645 vulgus
1112 583 1171 645 pro
1200 583 1278 631 vero
1312 567 1457 632 habebat

277 667 374 732 deum
398 663 506 746 ipsum
538 665 701 748 singulari
731 684 858 746 quoque
888 665 1044 747 temporis
1073 671 1232 734 momento
1262 666 1392 734 efficere
1420 668 1457 733 in

275 767 384 833 iecore
413 767 519 849 signa.
564 767 656 849 Quod
679 766 812 851 Seneca,
842 768 899 848 qui
923 768 1103 834 Stoicorum
1132 769 1355 852 philosophiae
1381 776 1457 836 erat

277 869 420 952 deditus,
441 869 494 935 his
510 869 691 952 denegavit
705 869 832 936 verbis:
845 870 869 956 ἦ)
891 871 987 935 nimis
1006 871 1098 934 itinn
1120 872 1175 953 (so.
1198 871 1303 954 dnn)
1325 873 1455 936 otiosum

275 977 305 1036 et
322 973 460 1054 pusillae
473 973 520 1036 rei
534 973 713 1036 ministrum
733 972 825 1053 facis,
847 974 964 1038 statiis
982 974 1112 1050 somnia,
1135 975 1208 1038 alius
1227 979 1297 1038 acta
1312 974 1455 1056 inponit.

274 1075 362 1141 Item
377 1074 502 1158 Cicero,
515 1074 597 1140 licet
608 1075 651 1140 ab
666 1075 930 1141 adversariorum
941 1075 1076 1142 steterit
1087 1075 1246 1160 partibus
1260 1081 1408 1143 testatur
1417 1077 1454 1162 8):

274 1196 338 1240 non
365 1177 485 1258 plusne
512 1176 623 1242 Stoicis
653 1177 787 1259 singuiis
820 1179 953 1241 iecorum
983 1179 1067 1258 fissis
1095 1183 1150 1242 aut
1179 1181 1283 1242 arinen
1315 1179 1455 1244 cantibus

274 1282 419 1344 interesse
447 1279 546 1344 deum
576 1299 674 1360 neque
702 1281 783 1344 enini
813 1279 955 1344 decorum
977 1299 1048 1364 esse,
1076 1301 1132 1344 nec
1159 1279 1210 1344 uu
1230 1281 1370 1363 dignun,
1399 1302 1454 1346 nec

272 1383 344 1462 pieri
363 1383 427 1446 ulto
447 1387 538 1463 pacto
554 1401 651 1463 posse.
696 1383 865 1464 Attamen,
887 1387 1047 1465 utsupra
1069 1382 1221 1467 vidimus,
1243 1403 1308 1451 non
1325 1383 1453 1450 omnino

276 1503 540 1566 supervacaneos
570 1484 674 1550 Stoici
702 1486 887 1551 reddebant
916 1485 1031 1571 deos⁴)
1078 1485 1221 1568 Quorum
1250 1487 1454 1553 voluntatem

274 1593 312 1652 ut
341 1605 413 1652 cum
443 1586 654 1668 haruspicina
684 1587 925 1671 consociareut,
953 1589 1036 1654 haec
1066 1588 1131 1654 sibi
1152 1588 1337 1672 fingebant:
1365 1591 1412 1653 ita
1433 1610 1467 1680 a⁸

269 1690 428 1771 prinn'paio
459 1689 636 1753 inchoatum
665 1709 726 1754 esse
758 1690 918 1774 numani,
950 1695 985 1755 ut
1018 1693 1107 1756 certic
1135 1691 1227 1756 rebus
1253 1696 1335 1755 certa
1362 1694 1454 1774 signa

269 1797 508 1874 praecurrerent
537 1793 603 1857 ulia
630 1793 666 1856 in
686 1794 772 1871 catu,
803 1794 868 1858 alia
888 1795 924 1888 in
946 1794 1061 1872 ambus,
1091 1795 1157 1858 otia
1178 1796 1213 1858 in
1232 1793 1416 1878 fulgoribus,
1426 1795 1453 1880 ⁶)

273 1899 341 1977 aut,
364 1900 403 1960 ut
425 1895 550 1961 Seneca
572 1914 641 1960 rem
665 1896 908 1980 explanavitzl)
939 1897 1080 1977 fatorum
1094 1899 1189 1962 series
1209 1895 1328 1961 incluta
1346 1898 1455 1978 futuri

271 1997 386 2078 abnue
396 1999 577 2079 praemittit.
615 1998 811 2064 Posidonius
826 1998 986 2079 imprimis
1001 2017 1022 2063 a
1036 2018 1145 2065 rerum
1162 1999 1303 2066 omnium
1317 2005 1452 2066 natura·

271 2100 352 2165 lium
383 2119 543 2166 consensu
573 2105 798 2181 concentuque
822 2100 989 2182 profectus
1018 2101 1129 2167 docuit
1158 2103 1194 2165 in
1223 2105 1341 2164 natura
1361 2101 1453 2182 nana

271 2202 423 2282 amdan
446 2221 508 2267 esse
529 2222 634 2267 rernm
654 2203 879 2288 futurarum)
924 2203 1026 2286 Nova,
1057 2222 1142 2284 quae
1173 2203 1290 2269 exinde
1313 2202 1453 2286 exstitit,

272 2304 454 2372 difficultas
484 2305 638 2372 minorem
670 2324 742 2372 esse
771 2305 938 2390 signorum
960 2325 1137 2390 numerum,
1166 2325 1262 2388 quam
1283 2309 1321 2370 ut
1343 2305 1452 2370 omnia

271 2414 572 2493 praemonerentur,
583 2409 635 2474 his
644 2409 884 2492 profligabatur
894 2408 1453 2491 verbis:peruuuttaessesipnanobis

271 2509 395 2590 quidm
409 2511 553 2596 innotui)
577 2511 663 2578 Sane
686 2531 751 2578 non
766 2513 1008 2596 cognoscebant
1034 2514 1089 2578 vel
1104 2532 1281 2594 agnoscere
1296 2513 1453 2578 nolebant

271 2612 374 2679 Stoici
402 2615 465 2680 hac
487 2615 774 2697 argumentatione
796 2634 817 2680 a
836 2633 872 2681 se
894 2614 976 2696 ipsis
998 2615 1075 2680 deos
1097 2620 1198 2680 antea
1220 2614 1371 2680 defensos
1392 2613 1451 2679 im-

270 2715 451 2798 pugnaris)
495 2716 560 2783 Sed
583 2717 612 2782 si
634 2717 688 2784 vel
710 2717 745 2782 id
767 2718 1016 2799 concedebatur,
1039 2718 1189 2783 restabat
1211 2715 1365 2798 quaestio,
1388 2734 1451 2796 quo

272 2817 409 2900 quisque
431 2821 523 2885 modo
543 2819 722 2902 indagaret
746 2819 842 2902 signa
863 2819 929 2885 sibi
950 2819 1016 2900 ipsi
1038 2819 1110 2886 sive
1125 2819 1327 2885 naturalium
1342 2837 1451 2884 rerum

273 2926 433 2986 concentu
455 2921 528 2989 sive
551 2923 682 2988 deorum
704 2923 877 2989 voluntate
901 2922 1078 2988 destinata.
1115 2922 1225 3003 Atque
1248 2921 1451 3004 Chrysippus

276 3023 458 3105 Antipater
487 3023 681 3090 Posidonius
711 3025 872 3090 docebant
899 3024 942 3088 ad
970 3024 1100 3089 bostiam
1128 3023 1323 3106 detipenalam
1344 3023 1451 3086 ducar

270 3145 334 3190 esse
362 3127 423 3191 nn
452 3127 611 3208 quanm
638 3129 814 3192 sentientem
844 3133 935 3208 atque
963 3128 1110 3205 diuinum,
1141 3147 1219 3208 quae
1240 3131 1299 3190 toto
1320 3126 1452 3207 confusa

272 3229 387 3294 arundo
406 3230 535 3316 esset.²⁰)
559 3230 685 3315 Quibus
702 3231 867 3316 Ciceronis
883 3229 996 3297 verbis
1011 3229 1137 3296 Seneca
1152 3248 1279 3310 quoque
1295 3228 1452 3295 assentiri

271 3333 411 3416 videtur,
441 3333 713 3418 cumpugnat11)
738 3338 855 3400 contra
884 3333 974 3416 alios
1005 3332 1062 3413 qui
1084 3331 1149 3398 sibi
1171 3332 1345 3399 solvebant
1366 3331 1451 3398 hanc

271 3435 500 3516 quaestionem
515 3435 726 3519 docentesz¹²)
742 3455 812 3498 cum
826 3435 988 3499 incmotare
1002 3435 1166 3516 quisquam
1179 3435 1274 3513 ueibt,
1297 3439 1363 3498 tum
1380 3433 1452 3515 ficri

270 3542 410 3602 catorum
433 3539 639 3622 mutationem,
661 3543 697 3602 nt
718 3543 774 3602 aut
789 3538 902 3602 abesset
922 3537 1044 3618 aliquid
1061 3541 1117 3601 aut
1129 3542 1303 3621 annasse,
1324 3536 1450 3601 densim

271 3639 354 3704 enin
373 3642 500 3705 numini
519 3661 633 3724 parere
661 3642 774 3706 arania.
817 3641 890 3708 Non
916 3642 1053 3707 eandem
1081 3639 1186 3722 igitur
1208 3639 1311 3707 Stoici
1339 3657 1449 3706 omues

271 3741 379 3808 secuti
393 3747 468 3809 sunt
491 3743 527 3809 in
541 3744 604 3810 hac
619 3763 656 3809 re
672 3743 883 3825 explananda
898 3742 1067 3809 rationem.
1104 3741 1192 3826 Quin
1208 3741 1308 3808 etiam
1322 3741 1450 3808 Panae·

354 3929 375 3998 ¹)
394 3929 448 3986 (tic.
467 3931 500 3984 dc
518 3930 572 3984 div.
590 3930 665 3984 182.
755 3929 777 3999 9)
796 3930 905 3997 Quaest.
923 3934 980 3984 nat.
998 3929 1087 3984 1132.
1187 3928 1207 3998 ³)
1225 3929 1267 3984 De
1284 3928 1339 3984 div.
1357 3929 1371 3982 I
1390 3928 1449 3985 118.

354 4015 377 4084 ⁴)
394 4015 454 4071 Seu.
472 4017 491 4071 l.
508 4015 526 4069 l.
627 4015 648 4085 ⁶)
668 4016 722 4072 (lic.
743 4016 761 4070 l.
779 4016 797 4071 l.
902 4015 924 4084 ⁰)
941 4015 1001 4070 Seu.
1018 4015 1036 4070 l.
1054 4016 1072 4070 l.

357 4101 376 4172 ⁷)
394 4101 434 4157 cl.
454 4102 482 4158 O.
502 4102 734 4158 Wachsmnth.
752 4103 770 4157 l.
788 4102 806 4156 l.
825 4119 851 4171 p.
869 4102 911 4157 27.
1008 4101 1029 4170 ⁸)
1047 4100 1283 4158 Wachrmuth.
1306 4117 1332 4169 p.
1342 4099 1384 4155 23.

354 4187 376 4256 ⁰)
392 4188 624 4245 Wachcmuth.
647 4188 724 4258 p.29.
833 4187 864 4257 ¹⁰)
882 4187 936 4244 Cic.
954 4188 988 4242 dc
1005 4186 1061 4242 div.
1078 4187 1109 4241 Π
1125 4187 1166 4241 35.
1363 4183 1365 4188 ’

357 4273 389 4342 ¹¹)
408 4274 517 4342 Quaest.
536 4279 593 4330 nat.
612 4274 699 4329 1132.
799 4272 831 4336 ¹¹)
850 4273 904 4330 Cic.
926 4273 945 4328 l.
963 4273 980 4327 l.
