3492 5092
212 382 267 470 33]
617 384 658 438 De
676 383 817 452 extispicio
835 385 926 452 capita
942 384 998 439 tric
1330 386 1394 452 203

212 553 394 636 permultas
416 557 535 637 gentes
556 552 647 618 nullo
669 553 759 619 cultu
782 557 842 619 aut
864 553 1041 635 disciplina
1069 554 1283 640 assuefactae,
1312 575 1394 638 quas

213 675 307 722 nemo
330 675 403 722 cum
426 653 565 722 Graecis
590 655 645 722 vel
667 654 823 722 Romanis
845 656 912 721 ulio
934 675 1086 736 umquam
1105 656 1237 723 vinculo
1260 676 1394 724 conneo

214 764 286 826 iere
308 757 455 842 audebit,
478 775 637 824 summum
659 763 856 825 momentum
878 759 1062 825 attribuere
1092 759 1195 825 eidem
1222 758 1395 828 divinandi

213 861 339 945 generi,
350 860 375 946 ²)
398 880 462 927 non
477 879 649 941 possumus
664 879 730 927 non
745 879 923 943 agnoscere
937 860 1028 927 illam
1044 861 1217 928 divinandi
1232 862 1394 929 rationem

213 965 302 1046 apud
324 963 472 1046 singulos
493 965 630 1045 populos
654 964 696 1029 ab
712 963 786 1045 ipsa
807 967 928 1029 natura
950 963 1130 1046 profectam
1146 969 1180 1030 et
1202 983 1263 1030 sua
1277 970 1394 1046 sponte

212 1085 286 1133 esse
301 1071 425 1132 natam.
457 1065 532 1148 Qua
546 1085 583 1131 re
598 1065 755 1132 videlicet
770 1085 834 1132 non
849 1065 1051 1148 impedimur,
1067 1066 1237 1148 quominus
1251 1066 1396 1134 libenter

214 1170 431 1236 concedamus
454 1169 636 1250 complures
657 1168 810 1234 nationes
832 1167 1013 1249 posteriore
1036 1187 1126 1253 aevo,
1157 1187 1228 1235 cum
1250 1169 1339 1236 inter
1360 1188 1395 1236 se

215 1271 444 1338 commercium
472 1271 596 1337 habere
631 1271 833 1354 coepissent,
866 1289 975 1336 seeum
1011 1270 1264 1338 communicasse
1304 1271 1395 1339 illius

216 1373 411 1457 disciplinae
432 1376 532 1458 leges,
554 1373 590 1439 id
611 1375 696 1455 quod
719 1378 881 1454 quatenus
897 1373 1022 1440 factum
1037 1378 1134 1456 essei,
1157 1373 1222 1440 iam
1244 1375 1286 1441 ab
1309 1374 1395 1440 anii-

215 1477 291 1557 quis
313 1477 395 1558 ipsis
418 1476 676 1561 quaerebatur.²)

304 1646 324 1716 Ι)
343 1645 475 1716 Exempla
492 1651 589 1715 postea
606 1646 750 1701 alienemus
767 1646 798 1700 in
815 1645 905 1714 capite
922 1645 975 1700 111.

303 1731 325 1798 ¹)
343 1731 413 1788 Vide
430 1731 566 1787 Ciceronis
584 1731 671 1786 locum
690 1746 773 1801 supra
790 1747 815 1799 p.
829 1730 863 1785 32
880 1730 1031 1786 laudatum.

276 4454 597 4512 Religionsgoschioluiliehe
611 4453 731 4500 Versuelne
744 4463 768 4498 u.
782 4453 942 4499 Vomrbeitcu
955 4453 986 4498 11.
