3492 5092
400 365 462 431 186
858 359 991 430 Georgius
1010 359 1124 414 Blachar
1523 357 1577 446 [m

484 533 560 600 Iul.
590 533 764 614 obsequ
794 550 820 598 c.
851 532 928 598 129:
962 530 1155 613 Caesari,
1189 549 1262 597 cum
1295 531 1434 598 honoros
1466 531 1576 598 ceore-

399 637 428 704 ti
450 640 562 704 essent
584 641 620 702 et
641 633 811 716 imperium
835 636 994 701 adversus
1016 633 1210 717 Antonium,
1236 632 1481 700 immolanti
1504 635 1576 700 du·

398 737 539 821 plicia
561 742 663 804 exta
692 739 996 819 apparuerunt
1041 735 1228 802 Secutae
1258 740 1358 802 sunt
1387 754 1475 818 eum
1507 753 1576 833 res

398 858 640 924 prosperae.

485 994 571 1060 Tib.
592 994 610 1059 Ι
632 995 661 1076 8,
683 993 703 1058 3
726 1010 808 1073 sep:

485 1113 553 1179 Nec
571 1111 655 1178 mihi
676 1116 754 1178 sunt
775 1115 881 1176 sortes
902 1129 978 1176 nec
1000 1111 1173 1176 conscia
1193 1109 1313 1176 fibra
1335 1112 1504 1178 deorum

526 1214 748 1296 praecinit
769 1217 951 1281 eventus
972 1231 1033 1278 nec
1051 1211 1133 1278 mihi
1155 1217 1272 1278 cantus
1295 1212 1379 1279 avis.

483 1352 571 1418 nio.
593 1351 630 1417 Π
653 1353 680 1435 1,
702 1350 833 1431 rosea:

899 1468 1075 1552 ...videm
1099 1474 1137 1534 ut
1158 1466 1368 1534 felicibus
1391 1468 1506 1535 extis

645 1571 810 1656 significet
831 1571 978 1652 placidos
999 1570 1119 1638 nuntia
1140 1570 1225 1637 fibra
1247 1571 1349 1636 deos?

484 1725 569 1792 Tib.
584 1726 620 1792 ΙΙ
635 1726 663 1809 5,
680 1727 795 1806 l3seq.
818 1724 1001 1807 Apollinem
1023 1724 1174 1792 invocat:

482 1846 625 1926 Tuque
646 1845 764 1928 regis
787 1845 939 1921 sortis,
962 1864 1037 1926 per
1058 1849 1099 1910 te
1117 1843 1365 1926 praesentit
1388 1861 1573 1925 aruspex

526 1947 699 2014 lubrica
721 1947 917 2031 signavit
939 1965 1025 2012 cum
1048 1949 1151 2013 deus
1173 1952 1273 2012 exta
1294 1945 1420 2012 notis.

482 2085 599 2167 Prop.
622 2085 671 2152 IV
694 2087 721 2168 l,
744 2085 803 2150 24:

722 2192 823 2252 exta
844 2187 1003 2252 litabat
1025 2185 1109 2252 ovis
1127 2238 1133 2250 .
1150 2237 1180 2250 ..

481 2344 597 2423 Prop.
620 2341 668 2406 IV
692 2343 719 2424 l,
743 2341 805 2406 102
815 2359 895 2422 seu:

498 2461 569 2526 Hoc
590 2478 696 2541 nequa
720 2479 890 2526 arenosum
912 2459 1040 2542 Libyae
1062 2459 1153 2526 Iovis
1175 2459 1320 2541 explicat
1336 2462 1469 2525 antrum

550 2567 623 2628 aut
644 2562 730 2628 sibi
753 2562 995 2628 commissos
1018 2561 1134 2629 fibra
1155 2564 1303 2628 locuta
1325 2563 1433 2627 deos.

481 2717 588 2782 Plin.
603 2717 695 2782 N.H.
709 2717 761 2782 XI
777 2717 854 2783 19οε
870 2716 979 2782 Divo
994 2717 1187 2798 Augusto
1206 2715 1374 2798 Spoleti
1396 2715 1570 2782 sacrifi·

396 2817 1569 2901 cantiprimopotestatissuaediesexviotimarumiocinera

396 2921 617 3002 replicata
646 2921 915 2988 intrinsecus
945 2923 994 2986 ab
1024 2921 1106 2987 ima
1134 2921 1253 2987 fibra
1275 2925 1569 3002 repertasunt

394 3043 726 3104 responsumque
778 3023 1098 3106 duplicaturum
1144 3023 1261 3090 intra
1301 3043 1449 3090 annum
1495 3023 1567 3090 im-

395 3126 595 3212 perium.1)

481 3281 589 3348 Cass.
612 3281 689 3346 Dio
707 3281 758 3362 46,
773 3281 815 3347 35
839 3282 879 3346 de
902 3280 1099 3347 Octaviano:
1125 3280 1272 3344 θύοντι
1294 3278 1417 3363 αὐτῷ,
1440 3277 1492 3344 ὅτι
1515 3277 1570 3343 τὸν

395 3382 513 3464 κόσμον
552 3382 607 3445 καὶ
638 3381 691 3467 τὴν
724 3382 872 3462 ἐξουσίαν
903 3392 960 3446 τοῦ
992 3391 1165 3468 στρατηγοῦ
1202 3377 1306 3465 ἔλαβε,
1344 3379 1462 3445 διττὰ
1498 3381 1568 3445 καὶ

395 3484 531 3570 ἥπατα
557 3482 597 3548 ἒν
624 3495 731 3548 πᾶσι
758 3494 848 3560 τοῖς
874 3482 1052 3568 ἱερείοις
1081 3482 1244 3548 δώδεκα
1266 3477 1382 3547 οὖσιν
1404 3482 1567 3569 εὑρέθη.

481 3637 847 3722 Suetriivangao:
871 3637 1570 3705 CircaPerusiamsacrificionon

393 3741 565 3825 litanti,
583 3760 664 3807 cum
680 3740 831 3822 augeri
845 3741 1006 3807 hostias
1018 3740 1213 3822 imperasset
1224 3759 1264 3806 ac
1275 3740 1385 3807 subita
1397 3739 1569 3822 eruptione

394 3847 504 3911 hostes
527 3861 651 3910 omnem
670 3844 721 3910 rei
742 3843 875 3910 divinae
895 3849 1092 3924 apparatum
1115 3841 1339 3926 abstulissent,
1362 3842 1570 3909 constitit

395 3947 512 4012 int-er
547 3945 817 4028 haruspices,
861 3964 966 4026 quae
1009 3945 1257 4026 periculosa
1300 3950 1341 4032 et
1385 3947 1570 4014 adversa

395 4047 678 4115 sacrificanti
701 4049 961 4114 denuntiata
994 4051 1156 4131 essent,
1190 4053 1346 4114 cuncta
1376 4047 1418 4112 in
1451 4047 1570 4130 ipsos

393 4169 614 4232 recasura,
636 4149 706 4230 qui
729 4155 829 4217 exta
849 4151 1075 4232 haberent3
1094 4168 1200 4231 neque
1223 4149 1324 4216 aliter
1346 4149 1469 4218 evenit.
1563 4188 1565 4191 -

482 4335 501 4404 1)
518 4335 559 4390 Oi.
578 4335 653 4391 Suet.
672 4335 734 4390 Div.
753 4337 825 4406 Aug.
844 4336 885 4390 95.
