3492 5092
695 1576 910 1673 CAPUT
941 1574 1259 1671 ALTERUM

473 1829 652 1910 Postquam
675 1829 710 1896 in
732 1831 842 1912 capite
864 1830 969 1912 primo
990 1834 1140 1897 veterum
1161 1828 1358 1912 testimonia,
1380 1847 1465 1909 quae
1487 1833 1566 1894 sunt

388 1933 429 1998 de
450 1931 630 2016 extispicio,
652 1933 872 2015 congessimus
894 1937 928 1999 et
947 1932 1085 1999 Deeckii
1103 1933 1302 1998 sententiam
1322 1931 1412 1996 inter
1433 1949 1469 1996 se
1490 1949 1565 1996 con-

387 2033 532 2117 spirasse
550 2034 747 2102 Graecorum
770 2040 804 2102 et
818 2037 1032 2102 Etruscorum
1048 2034 1257 2116 extispicium
1271 2038 1306 2100 et
1327 2039 1499 2114 utrumque
1521 2052 1562 2098 ex

385 2137 540 2204 orientali
561 2137 628 2204 ritu
650 2137 785 2205 fluxisse
807 2137 926 2204 salsam
949 2157 1021 2204 essa
1043 2137 1252 2220 ostendimus
1274 2155 1361 2202 nunc
1389 2136 1424 2201 in
1453 2136 1563 2217 capite

386 2242 500 2324 altero,
522 2240 599 2322 quid
622 2247 753 2307 veteres
774 2241 839 2322 ipsi
862 2244 902 2308 de
924 2239 1098 2323 extispicio
1120 2239 1317 2323 censuerint,
1351 2239 1562 2305 illustremus.

387 2343 476 2410 Satis
499 2348 612 2408 notum
638 2347 690 2408 est
715 2343 871 2424 antiquae
897 2344 1021 2409 aetatis
1050 2342 1196 2409 homines
1217 2341 1334 2425 omnia,
1360 2360 1444 2422 quae
1465 2341 1563 2406 facti·

387 2449 509 2527 tarent,
542 2447 602 2510 deo
639 2449 698 2510 aut
731 2445 854 2511 homini
887 2445 1014 2512 cuidam
1048 2445 1240 2528 ascripsisse
1280 2443 1456 2511 inventori.
1510 2445 1565 2509 lta

388 2546 509 2614 Graeci
524 2547 696 2631 Delphum‚
711 2547 874 2629 Apollinis
888 2547 1001 2632 filium,
1022 2548 1256 2630 haruspicinae
1270 2548 1438 2615 habebant
1453 2550 1561 2612 aucto-

388 2667 464 2716 rem.
509 2649 592 2714 Nam
608 2649 671 2715 etsi
686 2651 776 2715 haud
790 2656 868 2718 ante
883 2651 1027 2717 Plinium
1040 2651 1134 2717 nobis
1152 2651 1295 2716 occmrit
1310 2650 1408 2716 huius
1429 2649 1479 2714 rei
1507 2666 1564 2714 no-

388 2752 476 2835 titia,
506 2757 617 2818 tamen
639 2751 695 2818 ille
716 2754 829 2835 procul
853 2754 952 2820 dubio
975 2753 1047 2820 eius
1070 2773 1206 2835 gravem
1229 2758 1378 2820 veterum
1401 2753 1563 2834 quendam

388 2854 506 2921 habuit
528 2853 732 2939 auctorem.¹)
775 2855 911 2922 Etrusci
939 2875 1017 2923 vero
1044 2857 1204 2938 Tagetem
1234 2857 1464 2922 a'Parchonte
1486 2874 1562 2936 quo·

389 2959 463 3023 dam
494 2975 513 3022 e
541 2957 641 3023 sulcis
678 2964 850 3024 exaratum
880 2959 1075 3041 disciplinae
1109 2960 1321 3026 celebrabant
1350 2958 1563 3039 inuentorem,

388 3058 444 3140 qui
467 3059 616 3141 quamvis
638 3060 758 3142 puerili
779 3079 913 3143 corpore
942 3061 1112 3142 praeditus
1141 3081 1297 3127 summam
1320 3061 1562 3127 Lucumonibus

387 3162 528 3228 tradidit
542 3162 777 3248 sapientiam.²)
799 3164 995 3248 Herodotus
1018 3165 1075 3246 qui
1093 3164 1216 3246 primus
1233 3167 1275 3229 ad
1290 3183 1395 3230 mores
1414 3164 1561 3247 gentium

388 3263 592 3332 diversarum
614 3266 754 3331 intense
776 3264 900 3332 similes
923 3267 1065 3333 animum
1081 3265 1193 3348 vertit,
1215 3265 1348 3348 scripsit
1369 3268 1465 3332 haec:
1487 3262 1507 3346 ἡ
1528 3262 1563 3327 δὲ

387 3369 520 3452 porrois]
540 3367 594 3453 ἥτε
615 3367 650 3432 ἐν
672 3368 791 3454 θήβῃσι
811 3379 883 3453 τῇσι
896 3367 1094 3452 Αἰγυπτίῃσι
1108 3368 1163 3432 καὶ
1183 3365 1371 3452 &dendorp
1394 3366 1562 3452 παραπλή-

476 3537 495 3605 ¹)
513 3536 546 3591 N.
564 3537 598 3592 Η.
616 3538 671 3592 VII
683 3537 746 3607 203;
765 3539 798 3594 cl.
817 3540 851 3594 ll.
870 3541 1058 3608 Kremmer,
1077 3541 1117 3594 De
1135 3539 1268 3609 catalogis
1285 3539 1481 3607 heuremetum,
1498 3537 1560 3593 diss.

387 3621 462 3691 Irips.
483 3621 549 3676 1890
572 3639 597 3691 p.
616 3622 728 3691 ooseqq.
747 3624 844 3680 Mirum
868 3630 918 3693 est,
942 3626 1013 3693 quod
1028 3625 1134 3679 Plinius
1158 3626 1208 3678 hoc
1230 3625 1287 3679 loco
1311 3623 1448 3692 extispioii
1470 3623 1561 3678 avium

387 3705 556 3763 inventorem
586 3707 719 3763 Tiresiam
745 3710 904 3764 Thebanum
931 3711 1010 3779 dicit,
1044 3727 1105 3765 cum
1140 3709 1236 3764 Graeci
1274 3715 1405 3777 quantum
1431 3709 1560 3776 videmus,

387 3791 479 3847 avium
497 3799 562 3848 exta
578 3809 632 3848 non
644 3793 812 3862 inspexerint
824 3795 861 3864 (v.
874 3812 957 3865 supra
974 3813 1000 3865 p.
1013 3795 1048 3850 30
1059 3797 1121 3850 adn.
1132 3796 1167 3865 3),
1186 3796 1233 3850 sed
1245 3795 1366 3850 barbaris
1382 3795 1431 3849 hoc
1448 3794 1561 3849 attribu·

387 3893 432 3932 ere
449 3879 556 3933 soleant
573 3879 678 3948 (lambl.
696 3881 729 3935 V.
749 3881 832 3949 Pyth.
850 3881 892 3950 28,
911 3882 979 3950 147).
1015 3883 1090 3950 Quae
1115 3899 1175 3936 cum
1198 3882 1240 3936 ita
1262 3881 1326 3951 sint,
1350 3881 1427 3936 nobis
1445 3880 1504 3935 veri
1521 3887 1562 3934 est

387 3963 554 4018 simillimum
566 3963 687 4019 Plinium
707 3965 733 4020 h.
746 3966 764 4019 1.
783 3965 849 4020 duos
866 3967 955 4022 lontm
972 3967 1002 4021 in
1019 3983 1104 4021 unum
1123 3967 1327 4022 commiscuisse.
1362 3965 1447 4034 Legit
1463 3965 1493 4020 in
1509 3981 1562 4020 uno

386 4049 519 4104 Tiresiam
537 4055 602 4105 exta
619 4050 776 4120 inspexisse,
800 4067 915 4120 cumque
935 4053 1107 4107 notissimum
1133 4059 1207 4108 esset
1229 4053 1343 4107 eundem
1368 4052 1460 4106 avium
1484 4067 1561 4106 voces

386 4135 536 4203 percepisse
553 4151 699 4203 earumque
718 4151 732 4191 e
750 4137 845 4192 volatu
862 4137 958 4192 futura
981 4137 1149 4206 praedixisse
1167 4138 1257 4208 (Soph.
1281 4137 1344 4193 Oed.
1369 4137 1402 4192 R.
1420 4136 1480 4200 310,
1497 4136 1558 4205 3953

387 4219 509 4288 Apollod.
533 4219 642 4289 11110;
666 4220 747 4275 Paua.
771 4221 870 4291 11116,
896 4221 921 4290 1)
946 4222 1005 4290 ipse
1028 4223 1105 4278 varia
1128 4223 1158 4277 in
1180 4239 1265 4278 unum
1291 4223 1445 4292 complexus
1470 4221 1562 4277 avium

387 4310 452 4360 exta
468 4304 618 4373 inspexisse
635 4305 768 4361 'lircsiam
786 4322 835 4375 pro
853 4313 927 4362 certo
945 4308 1071 4363 habuisse
1088 4308 1207 4363 videtur.

472 4389 494 4456 ¹)
512 4390 553 4444 of.
571 4389 865 4462 Miller-Deeoke,
884 4392 1091 4448 monsterol.
1110 4393 1160 4448 ΙΙ2
1177 4410 1202 4462 p.
1220 4394 1339 4462 atseqq.
