3492 5092
310 377 374 443 230
466 327 473 337 Ι
763 374 896 442 Georgius
914 373 1027 428 Blacher
1431 373 1487 462 [60

310 547 540 632 psychologioa
555 544 768 627 assuefactos,
791 544 884 610 cuius
899 543 1052 610 reihand
1067 561 1173 624 pauca
1188 543 1360 611 afferemus
1380 564 1489 612 exem-

310 650 403 735 pla.¹)
447 649 569 715 Nostra
585 647 753 714 sententia
773 647 982 729 extispicium
997 665 1062 712 non
1077 648 1121 711 ad
1132 645 1302 712 scientiam
1325 649 1487 729 quandam

310 751 569 834 reconditiorem,
591 752 650 816 sed
672 751 715 816 ad
730 749 914 831 opinionem
929 748 1132 830 primitivam
1148 752 1182 814 et
1197 749 1345 816 omnibus
1360 751 1488 834 populis

311 873 510 921 communem
532 858 584 920 est
605 855 833 920 revocandum.
877 851 970 934 Quod
991 849 1089 917 facilc
1111 851 1184 916 fieri
1205 856 1315 932 potest
1338 853 1398 918 hoc
1419 852 1489 919 fere

311 960 412 1024 modo.
456 956 626 1023 Sacrificio
647 955 777 1021 faciunt
799 953 963 1037 mortales,
986 959 1024 1020 ut
1045 955 1122 1019 deos
1140 954 1205 1020 sibi
1226 956 1369 1020 reddant
1391 957 1489 1022 bene-

312 1061 404 1127 volos
418 1059 557 1140 illosque
580 1061 624 1124 ad
646 1077 681 1124 se
697 1059 867 1138 advocent,
890 1075 955 1136 qua
975 1055 1010 1122 in
1033 1075 1069 1122 re
1092 1056 1287 1122 sacrificium
1310 1057 1489 1125 adiuvatur

311 1161 501 1244 precatione
537 1162 641 1242 faota3
684 1160 837 1242 precibus
872 1159 957 1224 enim
995 1163 1160 1240 tamquam
1195 1159 1327 1226 vinculo
1364 1160 1490 1244 magico

312 1266 491 1331 trahuntur
511 1264 653 1329 numina.
687 1262 794 1328 Huius
816 1262 865 1327 rei
880 1261 1037 1327 memoria
1058 1261 1174 1344 elucet,
1196 1263 1225 1328 si
1240 1262 1317 1344 quid
1332 1262 1489 1347 videmus

313 1387 354 1434 ex
383 1365 540 1450 Hesychii
571 1368 683 1450 glossa
710 1363 825 1449 aanor)
878 1364 1018 1446 Scripsit
1046 1363 1147 1430 enbn:
1176 1364 1269 1440 θεός·
1299 1374 1429 1451 σημεῖον
1458 1360 1490 1427 ἐν

311 1472 436 1554 amana.
480 1469 551 1552 Quo
581 1469 674 1552 signo
697 1487 770 1534 cum
800 1467 937 1551 ceteris,
967 1486 1053 1548 quae
1075 1487 1104 1548 p.
1129 1468 1242 1548 loseq.
1264 1467 1491 1551 repetivimus,

312 1577 501 1654 comparato
532 1577 674 1652 apparet
702 1571 764 1636 bac
794 1571 854 1636 sub
887 1589 966 1636 voce
989 1570 1189 1651 peculiarem
1219 1570 1362 1651 aliquam
1385 1570 1491 1637 latere

312 1675 481 1741 rationem.
523 1674 617 1756 Nam,
638 1678 677 1738 ut
700 1691 800 1754 supra
822 1672 1068 1757 exposuimus,³)
1091 1677 1204 1738 cetera
1226 1673 1322 1755 signa
1343 1675 1384 1739 ob
1403 1673 1491 1739 simi·

313 1777 487 1843 litudinem
516 1777 679 1857 quandam
702 1781 900 1858 acceperunt
920 1774 1050 1840 nomina
1073 1779 1107 1840 et
1130 1775 1205 1859 vim,
1233 1777 1318 1856 quod
1341 1775 1403 1841 huo
1426 1794 1490 1842 om-

313 1879 390 1947 nino
413 1897 478 1945 non
500 1878 679 1964 quadrata)
723 1878 917 1945 Absolvitur
947 1886 1056 1944 autem
1088 1895 1128 1943 ea
1154 1877 1311 1960 quaestio,
1340 1877 1406 1943 nisi
1432 1896 1492 1943 nos

313 1981 434 2047 fallunt
456 1982 572 2064 omnia,
602 1982 650 2047 eis
672 1981 792 2064 verbis,
822 1999 907 2060 quae
927 1980 1126 2046 Lactantius
1148 1980 1302 2046 Placidus
1314 1981 1339 2064 ὖ)
1370 1980 1493 2047 adiecit

314 2086 356 2150 ad
378 2085 480 2151 Statii
502 2085 604 2150 Theb.
626 2084 657 2149 V
680 2085 751 2150 176.
796 2084 881 2148 Nam
910 2102 983 2148 cum
1005 2082 1134 2149 Statius
1157 2083 1312 2149 dixisset:
1338 2085 1375 2148 ia
1396 2083 1494 2148 callos

313 2189 414 2269 spirat
440 2186 515 2250 deas
544 2189 661 2268 suaper
689 2188 781 2270 aaa,
815 2186 968 2267 exposuit
994 2185 1166 2251 Placidus:
1196 2190 1240 2249 eat
1270 2185 1429 2266 quoddam
1457 2187 1493 2248 ia

313 2291 391 2354 aaa
409 2291 545 2371 sipaam,
575 2289 657 2371 qaod
683 2288 780 2353 deas
801 2289 983 2370 appellatur.
1014 2287 1095 2369 qaod
1123 2289 1152 2351 si
1178 2289 1335 2370 iatepram
1356 2307 1492 2371 appara-

314 2394 388 2470 aa't,
421 2393 594 2474 propitiam
630 2411 745 2454 aamca
781 2390 926 2474 ostenda,
967 2391 1018 2454 sia
1049 2410 1119 2454 vera
1157 2389 1339 2469 dimidiam,
1372 2392 1491 2455 iratam

313 2494 469 2576 apaiffim
504 2513 620 2558 aamea
655 2499 711 2558 aat
746 2499 824 2558 corte
858 2513 922 2558 aaa
962 2513 1116 2574 praacao.
1181 2493 1391 2560 Lactantium
1427 2493 1491 2558 hac

315 2598 351 2662 iu
378 2616 416 2662 re
444 2615 630 2663 moneamus
663 2615 796 2664 necesse
830 2602 882 2662 est
913 2597 985 2663 sine
1015 2597 1113 2663 dubio
1143 2596 1268 2662 Graeco
1297 2615 1392 2662 usum
1419 2614 1491 2662 esse

316 2700 472 2782 exemplo.
508 2699 593 2765 Nam
615 2702 659 2766 ad
672 2700 892 2766 Romanorum
914 2699 1076 2765 rationem
1099 2700 1196 2782 plane
1210 2700 1246 2765 id
1260 2718 1325 2765 non
1341 2701 1492 2781 quadrat,

316 2804 401 2883 quod
423 2807 514 2868 certo
540 2802 669 2868 nomine
691 2807 829 2868 vocatur
851 2801 980 2884 signum
1004 2803 1164 2884 quoddam
1186 2803 1221 2867 in
1243 2801 1330 2867 extis
1354 2801 1493 2868 obvium.

315 2905 416 2970 Immo
431 2905 460 2971 is
475 2914 526 2970 est
541 2905 739 2971 Graecorum
755 2923 822 2971 mos
839 2910 873 2970 et
891 2904 1006 2987 usus.⁶)
1050 2904 1197 2988 Accedit,
1219 2906 1305 2985 quod
1319 2903 1494 2970 enuntiata

315 3007 375 3090 ita,
404 3012 442 3072 ut
461 3025 548 3072 nunc
570 3006 699 3088 quidem
722 3007 890 3091 leguntur,
916 3012 1031 3073 contra
1053 3026 1088 3073 se
1110 3007 1184 3088 ipsa
1206 3011 1363 3090 pugnant.
1408 3004 1494 3089 Quid

316 3107 380 3176 sibi
395 3109 512 3176 volunt
534 3111 636 3176 verba
658 3113 714 3173 aad
735 3114 813 3172 aare
833 3129 896 3174 aaa
908 3129 1055 3190 praecata
1076 3111 1137 3175 hoc
1151 3109 1185 3174 in
1208 3108 1388 3176 contextu?
1410 3108 1493 3174 Nam

317 3211 525 3292 antiquorum
540 3211 700 3279 rationem
713 3211 836 3278 secutis
848 3211 943 3278 nobis
954 3231 1019 3278 non
1030 3211 1108 3277 licet
1124 3211 1242 3295 dicere,
1258 3212 1288 3277 si
1302 3211 1352 3275 aa
1365 3210 1494 3294 signum
1518 3261 1521 3268 ,

316 3313 381 3380 etsi
403 3313 572 3380 dimidium
586 3317 688 3398 adest,
712 3316 807 3380 deum
822 3313 929 3396 ipsum
945 3333 1009 3381 non
1025 3316 1156 3395 adesse;
1178 3314 1214 3380 id
1229 3314 1315 3380 enim
1330 3317 1495 3397 pugnaret

316 3415 603 3482 vehementissime
633 3422 747 3483 contra
778 3435 904 3483 omnem
936 3421 1084 3483 veterum
1116 3416 1286 3483 statuendi
1314 3434 1494 3482 connexum

316 3517 487 3584 rationem.
535 3519 625 3602 Ergo
656 3538 720 3585 non
749 3525 840 3586 recte
861 3519 1029 3586 intellexit
1050 3538 1118 3585 rem
1142 3520 1332 3585 scholiasta.
1378 3517 1495 3584 Omnia

317 3626 427 3688 autem
449 3622 593 3703 perbene
623 3623 795 3706 quadrant,
824 3623 855 3688 si
876 3622 1008 3688 missum
1033 3621 1171 3688 facimus
1193 3621 1275 3687 illud
1296 3621 1494 3688 Graecorum

315 3726 441 3805 apuam
472 3728 508 3790 et
538 3723 712 3790 referimus
744 3743 857 3791 vocem
885 3725 1003 3806 iatepar
1032 3725 1076 3789 ad
1103 3728 1181 3790 exta
1208 3723 1283 3805 ipsa
1306 3725 1366 3789 hoc
1386 3724 1493 3789 modo:

317 3846 396 3908 qaae
429 3826 485 3913 (so.
508 3830 607 3910 exta),
635 3828 808 3909 aarum
837 3827 1050 3909 apparuerint,
1081 3845 1147 3908 eqs.
1190 3827 1284 3891 Nunc
1313 3823 1494 3892 rectissime

405 4014 425 4082 1)
444 4014 477 4069 V.
495 4013 568 4067 inlra
584 4031 610 4083 p.
630 4014 662 4066 71
672 4027 745 4082 seqq.
901 4014 923 4083 ²)
941 4029 1023 4082 supra
1040 4029 1066 4082 p.
1086 4013 1126 4069 11.
1282 4011 1303 4082 8)
1321 4029 1347 4081 p.
1365 4012 1407 4067 32.

403 4097 426 4166 ⁴)
443 4099 571 4154 Fortasse
595 4114 659 4154 voce
686 4098 754 4152 θεός
782 4098 938 4166 haruspices
966 4098 1063 4154 Gracci
1091 4098 1163 4153 idam
1195 4097 1396 4167 exprimebant,
1426 4097 1497 4166 quod

318 4183 435 4239 Romani
452 4183 535 4238 verbo
553 4183 626 4238 aaa
650 4187 715 4238 cata
733 4185 759 4240 h.
779 4201 801 4240 e.
819 4184 849 4239 in
871 4184 1029 4239 universum
1053 4184 1133 4239 deum
1151 4184 1246 4238 adesse
1264 4183 1423 4253 adiutorem,
1440 4182 1498 4238 ubi·

317 4284 431 4336 cumque
448 4269 482 4323 de
500 4269 616 4338 singulis
634 4268 713 4324 rebus
731 4269 800 4324 nihil
818 4269 908 4324 dicere
925 4273 1080 4337 potuerunt.

403 4353 425 4423 ⁶)
443 4355 477 4410 V.
495 4370 578 4422 supra
594 4371 620 4424 p.
639 4354 681 4409 22.
837 4355 859 4424 ⁶)
878 4354 918 4409 Gi.
937 4371 1019 4424 snpra
1036 4371 1062 4423 p.
1080 4355 1182 4423 aseqq.
