3492 5092
247 322 303 410 lb]
650 323 691 376 De
709 321 851 390 extispicio
868 321 962 392 eapite
978 323 1034 378 tria
1369 325 1431 392 Μ

250 491 513 579 τλά-εάτερον
533 491 555 578 ἥ
574 514 617 556 τι
646 489 808 578 κεφαλὴ
835 494 1019 575 μέγεθος
1046 489 1258 578 ὑπερφυές
1285 491 1433 574 ἀνέσχε

251 597 306 662 καλ
333 587 436 660 τᾶλλα
464 592 590 680 φαιδρὰ
619 597 820 676 θαυμαστῶς
850 593 986 680 διεφάνη
1016 595 1071 660 nui
1100 593 1191 659 λύσιν
1218 594 1304 676 ἔχειν
1332 599 1432 662 ὁτῶν

250 701 389 784 πρώτων
417 697 524 784 φόβος
551 695 669 779 ἔδοξεν.
701 694 790 762 οἶδὲ
816 697 947 779 μάντεις
973 707 1072 762 ταῦτα
1092 696 1214 779 μᾶλλον
1234 697 1360 783 ἔφασαν
1377 697 1431 766 ὄι-

251 801 354 867 ὀιέναι
382 800 438 865 καὶ
466 801 698 886 ταράττεσθαι·
727 798 962 884 λαμπροτάτων
996 799 1058 886 γὰρ
1087 798 1141 865 ἔτι)
1171 797 1350 881 αἰσχίστοις
1375 802 1432 867 καὶ

253 903 542 989 σκυθρωποτάτοις
568 900 666 987 ἱεροῖς
690 907 864 985 γενομένων
884 900 1035 966 ὕποπτον
1063 897 1145 967 εἶναι
1172 912 1226 988 τῆς
1253 903 1431 990 μεταβολῆς

253 1007 307 1092 τὴν
329 1003 476 1070 ἀτοπίαν.

335 1160 446 1227 Plin.
467 1159 556 1225 N.H.
577 1159 630 1225 XI
653 1159 730 1226 189:
761 1159 805 1226 ll.
827 1159 1036 1226 Marcello
1064 1158 1153 1226 oiroa
1182 1167 1326 1246 mortem,
1359 1177 1430 1229 erum

249 1263 353 1347 periit
373 1265 415 1330 ab
439 1261 645 1346 Hannibale,
675 1263 817 1344 (eaput
849 1261 1024 1346 iecoris)
1054 1261 1199 1329 defuit
1227 1263 1269 1330 in
1298 1265 1430 1348 extis;

249 1363 457 1448 sequenti
479 1363 634 1431 deinde
656 1363 724 1430 die
746 1364 954 1446 geminum
976 1369 1194 1446 repertum
1215 1370 1291 1432 est

340 1519 429 1586 Liv.
451 1519 589 1584 XXX2
612 1522 714 1584 extr:
736 1518 963 1585 Consulum
986 1519 1120 1586 alteri
1140 1519 1314 1601 primam
1341 1521 1429 1587 hos·

250 1623 354 1689 tiam
376 1621 621 1687 immolanti
643 1626 771 1702 caput
792 1620 1000 1688 iocineris
1023 1621 1171 1688 defuit

337 1777 426 1843 Liv.
439 1775 559 1842 XXXI
570 1776 599 1857 5,
612 1777 646 1840 7:
670 1776 749 1842 Cum
764 1775 1013 1842 renuntiassent
1024 1776 1171 1842 eonsules
1193 1795 1261 1843 rem
1284 1775 1429 1844 divinam

251 1882 317 1948 rite
339 1883 508 1962 peractam
532 1897 605 1944 esse
628 1883 663 1943 et
693 1877 875 1959 precationi
897 1877 1051 1944 adnuisse
1074 1880 1152 1945 deos
1173 1878 1429 1960 haruspices

251 1983 530 2066 respondere,
558 1981 765 2061 laetaque
788 1986 888 2046 exta
908 1979 1046 2046 fuisse
1080 1985 1122 2046 et
1140 1980 1430 2062 prolationem

252 2085 404 2153 finium
433 2081 749 2164 uictoriamque
772 2088 814 2148 et
843 2081 1101 2164 triumphum
1127 2083 1334 2164 portendi
1363 2101 1429 2164 eqs.

339 2239 426 2305 Liv.
438 2237 589 2303 XXXVI
602 2239 630 2320 1,
642 2238 677 2303 3:
700 2237 753 2302 Ea
768 2237 877 2303 omnia
890 2235 1051 2303 sacrificia
1065 2237 1157 2302 laeta
1176 2235 1321 2320 fuerunt,
1343 2236 1429 2318 pri-

251 2339 594 2424 misquehostiis
616 2339 876 2421 perlitatum
899 2345 979 2424 est,
1007 2344 1050 2405 et
1078 2339 1144 2406 ita
1171 2339 1429 2422 haruspices

252 2445 588 2526 responderunt,
617 2461 662 2508 eo
695 2443 809 2508 bello
840 2442 1047 2509 terminos
1077 2441 1225 2524 populi
1255 2440 1430 2508 Romani

251 2545 504 2630 propagari,
533 2544 764 2612 uictoriam
787 2565 834 2612 ac
855 2545 1114 2626 triumphum
1136 2545 1320 2611 ostendi.

335 2699 422 2767 Liv.
436 2699 517 2764 XLI
534 2700 685 2765 14med.:
710 2699 770 2766 On.
789 2699 988 2766 Cornelio
1011 2704 1049 2764 et
1072 2699 1109 2782 Q.
1132 2698 1317 2764 Petillio
1339 2717 1437 2768 com.

252 2801 436 2883 sulibuS,
477 2821 554 2882 quo
595 2801 663 2867 die
702 2803 1005 2886 magistratum
1039 2801 1251 2885 inierunt,
1288 2800 1429 2868 immo·

250 2903 447 2986 lantibus
468 2904 542 2972 Iovi
564 2903 703 2986 siugulis
722 2906 839 2988 bubus
861 2904 912 2970 uti
926 2906 1018 2987 solet,
1039 2904 1082 2970 in
1098 2923 1145 2970 ea
1167 2904 1328 2988 hostia,
1349 2923 1431 2986 qua

252 3007 290 3092 Q.
317 3006 529 3073 Petillius
558 3006 861 3090 sacrificavit,
898 3007 940 3073 in
972 3006 1164 3073 iocinere
1194 3013 1322 3088 oaput
1350 3026 1428 3074 non

251 3109 480 3176 inventum.
499 3109 622 3176 iduum
644 3112 687 3176 ad
703 3116 852 3176 senatum
867 3109 1062 3190 rettulisset,
1084 3111 1190 3175 bove
1212 3108 1429 3190 perlitare

251 3231 407 3279 russus.

337 3365 427 3433 Liv.
448 3367 529 3431 XLI
545 3367 656 3433 Ibin:
680 3367 735 3432 On.
758 3365 985 3434 Corneliusm
1008 3365 1159 3447 exposuit
1180 3364 1333 3448 patribus
1355 3383 1428 3432 oon-

252 3467 385 3550 soriptis
407 3468 502 3537 bovis
518 3469 731 3552 sescennaris,
756 3489 850 3551 quem
866 3469 1110 3551 immolavisset,
1131 3468 1224 3536 ieeur
1238 3467 1430 3535 diffluxisse.

252 3570 287 3637 id
309 3590 345 3638 se
364 3623 370 3636 .
386 3623 416 3637 ..
437 3571 624 3638 victimario
646 3571 816 3638 nuntianti
838 3591 954 3654 parum
977 3573 1164 3638 credentem
1186 3571 1293 3653 ipsum
1309 3589 1429 3652 aquam

251 3672 375 3740 effundi
390 3692 432 3740 ex
446 3674 521 3757 olla,
535 3674 592 3740 ubi
608 3679 687 3740 exta
702 3679 928 3758 coquerentur,
944 3674 1084 3757 iussisse,
1100 3679 1135 3739 et
1150 3673 1274 3740 vidisse
1285 3679 1429 3740 ceteram

251 3775 416 3859 integram
438 3781 566 3859 partem
589 3782 746 3860 extorum,
775 3777 866 3843 ieeur
896 3794 988 3842 omne
1016 3774 1234 3843 inenarrabili
1262 3777 1341 3842 tabe
1372 3776 1428 3842 ab·

252 3883 415 3960 sumptum
449 3931 455 3944 .
486 3931 492 3944 .
523 3880 666 3946 ‚alter
698 3881 844 3946 consul
878 3898 1016 3946 euram
1051 3877 1233 3962 adiecit,
1266 3879 1338 3961 qui
1370 3897 1430 3962 se,

252 3983 360 4062 quod
382 3985 511 4063 eaput
532 3982 718 4048 ioeiueri
740 3981 973 4064 defuisset,
996 3981 1140 4048 tribus
1170 3982 1304 4047 bubus
1333 4000 1428 4062 per·

251 4083 408 4149 litasse
430 4083 620 4166 negavit.
636 4084 1023 4150 senatusmaioribus
1045 4082 1205 4150 hostiis
1228 4102 1360 4164 usque
1382 4085 1429 4149 ad

251 4185 501 4251 litationem
523 4185 779 4252 sacrificari
809 4186 949 4254 iussit.
986 4185 1149 4252 ceteris
1180 4184 1267 4252 diis
1293 4185 1429 4268 perli-

253 4293 387 4353 tatum
410 4286 574 4354 ierunt:
597 4288 985 4356 SalutiPetillium
1008 4289 1244 4370 perlitasse
1260 4295 1429 4370 negant.
