3518 5082
298 325 361 392 m
762 323 896 392 Georgius
912 323 1026 379 Blecher
1421 325 1475 411 [12

382 497 472 564 Liv.
487 497 517 561 V
532 499 582 580 21,
605 499 641 563 8:
663 496 828 563 Inseritur
849 497 927 563 huic
947 497 1017 563 loco
1035 496 1164 564 fabula:
1185 496 1376 565 immolante
1397 517 1474 582 rege

297 598 481 666 Veientium
496 617 607 666 vocem
621 599 809 681 haruspicis
824 597 973 682 dicentis,
995 599 1066 680 qui
1080 599 1173 665 eius
1187 599 1361 667 hostiae
1375 605 1475 668 exta

297 702 609 785 prosecuisset,
638 702 678 768 ei
699 701 934 770 victoriam
965 701 1074 787 dari,
1105 700 1294 768 exauditam
1320 703 1356 768 in
1385 705 1475 770 cuni-
1513 780 1516 785 ,

298 805 370 872 culo
392 805 533 872 movisse
548 805 710 870 Romanos
725 803 858 886 milites,
880 809 919 870 ut
940 806 1101 886 adaperto
1116 804 1266 871 cuniculo
1288 810 1368 871 exta
1382 825 1475 888 rape·

297 911 373 974 rent
395 911 430 974 et
452 909 495 973 ad
517 906 713 973 dictatorem
734 905 870 973 tament.

382 1060 470 1129 Liv.
486 1061 569 1126 VIII
584 1061 612 1144 6,
629 1061 684 1126 ll:
707 1060 776 1126 Hos
792 1060 848 1126 ubi
869 1065 1045 1128 nocturnos
1059 1061 1151 1128 visus
1173 1061 1262 1128 inter
1276 1079 1312 1128 se
1327 1062 1475 1128 consules

299 1163 518 1246 contulerunt,
539 1162 709 1244 placuit
738 1165 1093 1231 averruncandae
1119 1165 1236 1230 deum
1266 1164 1359 1230 irae
1387 1163 1475 1230 vic-

298 1266 426 1332 timas
445 1265 582 1347 caedi;
604 1265 730 1331 simul
746 1269 807 1348 ut,
830 1265 868 1331 si
885 1266 1000 1332 extis
1020 1267 1176 1346 eadem,
1199 1267 1475 1348 quaeacmnio

298 1367 1005 1452 visafuerant,p0rtenderentur‚
1022 1368 1475 1436 alteruterccnsulum

299 1469 396 1536 fata
417 1470 629 1552 impleret.

387 1606 476 1674 Liv.
494 1606 579 1673 VHI
601 1607 630 1689 9,
653 1609 688 1672 1:
709 1606 851 1674 Romani
873 1607 1087 1690 consules,
1110 1607 1354 1689 priusquam
1376 1610 1476 1674 edu·

299 1713 448 1776 serent
470 1709 510 1774 in
534 1708 681 1793 aciem,
710 1709 1048 1777 immolaverunt
1092 1710 1228 1776 Decio
1257 1715 1386 1791 caput
1414 1710 1475 1776 io-

300 1812 465 1878 cineris
495 1831 516 1877 e
554 1811 768 1878 familiari
804 1817 928 1894 parte
957 1831 1122 1880 caesum
1158 1813 1325 1895 haruspex
1355 1812 1476 1879 dicitnr

299 1914 558 1981 ostendisse:
583 1913 706 1996 alioqui
728 1920 897 1997 acceptam
916 1915 966 1981 dis
989 1916 1131 1982 hostiam
1160 1934 1246 1998 esse;
1276 1915 1475 1982 Manlium

300 2017 480 2101 egregie
508 2017 676 2084 litasse.
704 2017 814 2100 ,atqui
835 2019 919 2084 bene
950 2019 1074 2099 habet‘,
1104 2017 1214 2100 inquit
1242 2019 1373 2102 Decius,
1394 2019 1477 2102 ,sia
1529 2050 1533 2056 ·

300 2121 426 2203 collega
446 2119 581 2188 litatum
602 2121 672 2186 est‘.

384 2257 495 2322 Plut.
529 2257 647 2339 Pyrrh.
673 2258 730 2323 25:
768 2263 851 2320 Τῶν
884 2255 1080 2342 ἱερῶντῷ
1114 2259 1256 2342 Μανίῳ
1287 2259 1475 2341 (Κονρὶῳ)

299 2357 621 2441 praeparaverit.

385 2513 474 2579 Liv.
507 2511 706 2578 XXVH16
737 2519 834 2579 extr:
869 2513 973 2580 Fabio
1007 2513 1202 2598 auspicanti,
1232 2514 1476 2596 priusquam

301 2617 588 2699 egrederetur
601 2615 1010 2700 ab'l'arcnto,avessemel
1023 2617 1330 2698 atqueiternmnon
1343 2615 1477 2684 addixe-

299 2717 1477 2801 runt.hostiaquoquecaesaconsulentideosharuspex

300 2823 566 2888 cavenduma
585 2820 739 2886 fraude
754 2821 907 2887 hostili
922 2827 964 2888 et
983 2823 1032 2888 ab
1048 2821 1230 2888 insidiis
1244 2821 1476 2904 praedixit.

328 3025 329 3028 ,
385 2957 671 3024 Liuxxvssae
687 2962 786 3024 extr:
809 2958 1051 3026 Immolasse
1073 2978 1117 3025 eo
1133 2959 1200 3026 die
1221 2959 1352 3041 quidam
1367 2959 1475 3042 prodi·

301 3065 379 3129 dere
411 3059 586 3127 memoriae
619 3061 782 3126 consulem
805 3061 1069 3144 Marcellum,
1102 3067 1144 3128 et
1173 3063 1308 3144 prima
1330 3061 1477 3128 hostia

301 3162 1477 3247 caesaiecursinecapiteinventum,insecundaomnia

300 3266 591 3349 comparuisse
613 3285 710 3349 quae
728 3266 936 3350 assolent,
960 3271 1127 3333 auctum
1152 3268 1270 3334 etiam
1291 3267 1415 3336 visum
1436 3265 1478 3332 in

300 3369 464 3452 capite,
486 3387 561 3434 nec
583 3369 626 3434 id
648 3387 750 3434 sane
770 3369 992 3451 haruspici
1021 3370 1257 3452 placuisse,
1287 3371 1393 3452 quod
1414 3389 1477 3436 se·

301 3473 476 3539 cundum
499 3476 653 3537 trunca
676 3477 718 3536 et
739 3471 888 3553 turpia
919 3478 1019 3538 exta
1041 3471 1168 3538 nimis
1197 3474 1314 3538 laeta
1346 3491 1477 3554 appa-

299 3575 502 3642 ruissent.

386 3729 945 3814 Val.Max.Id,9:(Marcello
961 3730 1221 3814 immolante)
1239 3748 1322 3812 quae
1345 3729 1478 3811 prima

300 3831 701 3900 hostiaantesoculum
717 3831 845 3914 cecidit,
869 3831 964 3898 eius
987 3832 1106 3900 iecur
1128 3833 1224 3898 sine
1247 3832 1391 3914 capite
1413 3832 1476 3898 in·

300 3940 473 4002 ventum
492 3940 566 4017 est,
583 3934 774 4016 proxima
790 3940 907 4016 caput
926 3934 1139 4001 iecinoris
1154 3936 1312 4017 duplex
1328 3934 1477 4001 habuit.

385 4090 495 4154 Plut.
515 4089 637 4154 Marc.
660 4089 716 4154 29:
740 4087 942 4174 Μάρκελλος.
961 4134 968 4149 .
987 4087 1118 4172 ,λαβὼν
1143 4087 1197 4152 τὸν
1217 4089 1331 4170 μάντιν
1353 4083 1475 4152 ἐθύετο.

300 4191 356 4256 καὶ
377 4201 449 4256 τοῦ
470 4193 637 4276 πρώτου
659 4190 866 4266 πεσόντος
888 4189 1046 4275 ἱερείου
1076 4189 1286 4256 δείκνυσιν
1309 4189 1415 4273 αὐτῷ
1434 4187 1477 4253 τὸ

301 4289 414 4378 ἧπαρ
444 4293 514 4358 οὐκ
536 4289 628 4373 ἕχον
650 4292 834 4378 κεφαλὴν
863 4290 1055 4374 ὁμάντις.
1085 4291 1405 4374 ἐπιθυσαμένου
1433 4289 1475 4354 δὲ
