3492 5092
305 378 369 443 234
762 372 895 441 Georgius
913 372 1027 427 Blocher
1426 371 1481 459 [64

305 551 429 629 spectu,
451 564 522 610 cum
546 547 646 608 antea
660 545 789 608 tantum
804 543 847 606 ad
862 543 957 607 deum
979 560 1078 607 unum
1092 539 1211 606 referri
1225 545 1337 622 posset
1355 541 1484 625 signum

306 667 422 730 nempe
445 648 488 712 ad
510 665 583 712 eum
605 663 701 726 quem
723 644 759 709 in
780 643 972 726 precatione
993 643 1256 710 nominaverant.

391 750 456 816 Sed
478 753 608 816 veteres
622 746 689 829 ipsi
711 745 890 827 posteriore
913 746 1089 827 praecipue
1111 765 1193 813 aevo
1217 749 1300 812 duas
1323 767 1404 828 quas
1428 751 1483 814 de-

306 852 495 936 scripsimus
517 850 663 916 rationes
685 851 781 932 plane
815 849 904 914 inter
934 867 968 915 se
998 848 1267 915 commiscuerunt
1297 869 1369 933 nec,
1399 871 1483 932 quae

306 955 407 1022 luerit
429 952 596 1035 extispicii
617 953 717 1034 origo,
738 951 1001 1034 perspiciebant;
1029 951 1230 1033 ignorabant
1252 951 1338 1018 enim
1364 955 1481 1020 deum

306 1059 341 1124 in
363 1057 492 1124 hostiae
521 1062 599 1122 exta
627 1055 788 1137 magice
817 1057 1069 1122 advocatum
1099 1054 1229 1121 efficere
1258 1056 1362 1139 signa.
1405 1055 1477 1140 Quo

307 1162 431 1227 factum
452 1163 512 1243 est,
533 1164 572 1225 ut
586 1158 712 1224 frustra
733 1157 948 1241 inquirerent,
971 1158 1028 1239 qui
1043 1162 1132 1224 esset
1152 1157 1241 1224 inter
1255 1158 1384 1224 hostiae
1406 1163 1485 1225 exta

307 1269 342 1330 et
368 1262 506 1329 hominis
543 1260 649 1327 fatum
678 1279 850 1327 connexus.
902 1261 951 1326 Ac
989 1259 1091 1327 Stoici
1120 1279 1295 1342 eorumque
1328 1261 1483 1344 princeps

306 1365 499 1432 Posidonius
511 1365 597 1430 hanc
608 1363 835 1430 difficultatem
847 1363 1025 1446 profligare
1036 1363 1233 1429 conatisunt
1244 1362 1484 1448 transferentes

308 1469 476 1552 vulgarem
491 1468 583 1532 illam
612 1466 839 1550 sympathiam,
869 1467 909 1532 de
932 1485 997 1547 qua
1026 1485 1128 1547 supra
1157 1465 1308 1549 diximus,
1338 1469 1382 1532 ad
1413 1467 1484 1533 uni-

308 1590 441 1638 versum
469 1569 661 1654 mundum.1)
712 1569 825 1634 Cicero
855 1573 966 1634 autem
996 1571 1037 1635 de
1060 1569 1123 1634 hac
1151 1588 1313 1649 requam
1342 1569 1483 1635 maxime

309 1673 479 1740 dubitavit
511 1672 564 1738 his
593 1671 755 1753 verbisn:
789 1692 852 1752 qao
883 1691 920 1734 es
953 1673 1132 1768 copootioae
1163 1676 1297 1736 naturae
1329 1677 1357 1736 et
1389 1674 1482 1752 quasi

308 1780 453 1840 concentu
482 1781 573 1855 atque
600 1794 762 1857 consensa,
800 1795 894 1856 quam
932 1775 1138 1856 συμπάθειαν
1169 1774 1282 1839 Graeci
1315 1776 1483 1856 appellunt,

308 1880 467 1943 conventre
490 1883 588 1960 potest
614 1883 670 1941 aad
696 1878 804 1955 fissum
832 1879 940 1942 iecora
968 1898 1038 1942 cum
1068 1878 1175 1943 locello
1204 1897 1283 1955 oreo,
1311 1882 1367 1941 out
1396 1897 1483 1941 meus

308 1982 607 2063 parathalassitin
630 1982 710 2044 coelo
732 1985 817 2044 terra
846 2001 1010 2062 rerumque
1038 1979 1181 2066 notura?
1224 1980 1351 2064 Quibus
1371 1979 1483 2046 verbis

308 2104 343 2152 se
365 2084 470 2150 refert
499 2086 543 2149 ad
570 2084 671 2150 solam
700 2083 1006 2165 interpretationem
1037 2088 1186 2150 extorum
1215 2083 1281 2149 iam
1305 2083 1484 2149 artificiose

309 2188 473 2254 excultam
488 2205 544 2252 suo
556 2205 637 2253 aevo
652 2186 821 2252 usitatam.
865 2187 937 2252 Non
953 2185 1039 2252 vidit
1054 2185 1251 2269 inferiorem,
1274 2205 1370 2267 quem
1385 2204 1486 2267 supra

308 2310 338 2372 p.
349 2292 391 2356 46
404 2296 438 2356 et
449 2292 491 2356 48
509 2289 657 2372 diximus
673 2289 838 2370 extispicii
857 2291 1004 2372 gradum,
1019 2289 1078 2355 ubi
1092 2289 1184 2355 laeta
1195 2295 1273 2354 exta
1285 2289 1367 2354 nihil
1379 2287 1482 2370 signi-

308 2392 455 2458 ficabant
476 2393 540 2457 nisi
564 2392 679 2474 augeri
698 2393 835 2472 quodam
856 2393 948 2458 modo
963 2391 1239 2474 interrogantium
1262 2389 1484 2458 condiciones:

309 2513 371 2575 quo
394 2495 428 2558 in
445 2493 580 2576 augurio
597 2494 748 2576 singulae
762 2513 816 2560 res
829 2497 968 2560 nondum
985 2495 1167 2561 disiunctae
1186 2499 1283 2560 erant
1299 2499 1333 2560 et
1348 2494 1483 2560 circum·

309 2597 461 2680 scriptae,
481 2598 618 2662 necdum
634 2596 810 2663 exstiterat
825 2601 975 2663 extorum
991 2617 1063 2663 cum
1084 2598 1202 2664 lucello
1225 2598 1363 2680 reliquis
1384 2598 1483 2664 rebus

309 2699 459 2765 humanis
482 2718 653 2765 connexus.
697 2700 872 2780 Postquam
888 2706 998 2767 autem
1013 2703 1056 2766 ad
1071 2701 1179 2766 omnia
1194 2705 1359 2766 momenta
1374 2703 1484 2766 trans·

308 2803 379 2868 lata
402 2807 454 2867 est
473 2802 659 2884 sympathia
673 2802 741 2885 illa,
765 2807 833 2868 tum
851 2802 973 2868 dicitur
994 2823 1048 2869 cor
1066 2803 1099 2868 in
1117 2803 1202 2869 extis
1217 2802 1371 2868 deficiens
1393 2820 1485 2884 spec·

309 2910 383 2971 tare
412 2907 455 2970 ad
484 2909 620 2970 mortem
648 2910 839 2988 propterea,
873 2908 959 2986 quod
986 2907 1050 2970 otto
1078 2927 1099 2969 a
1120 2905 1210 2969 cordo
1230 2905 1485 2990 protestator)

308 3007 395 3073 Item
424 3007 605 3088 posteriore
634 3025 715 3073 aevo
749 3008 948 3074 sententiam
977 3010 1220 3090 temperamentis
1242 3027 1370 3090 quoque
1400 3027 1485 3090 qnae

307 3116 469 3178 vocantur
505 3111 549 3174 ad
583 3128 652 3176 rem
688 3110 927 3192 explanandam
965 3113 1107 3177 delatam
1144 3130 1216 3178 esse
1256 3130 1350 3177 nemo
1386 3110 1486 3177 facile

308 3212 454 3295 negabit.
463 3212 490 3298 ⁴)
541 3212 606 3278 Sed
636 3231 700 3277 non
733 3214 774 3278 de
803 3215 865 3278 hac
894 3213 1061 3297 doctrina,
1097 3218 1262 3296 quatenus
1300 3219 1352 3280 est
1379 3212 1486 3295 philo·

308 3315 449 3398 sophica,
473 3315 621 3397 cogitare
643 3315 759 3400 licet.⁶)
802 3315 885 3382 Nam
908 3335 949 3382 ea
970 3317 1012 3382 ab
1038 3316 1204 3400 Eleaticis
1234 3316 1289 3398 qui
1319 3320 1487 3400 vocantur,

308 3416 509 3498 philosophis
539 3418 671 3484 exculta
700 3422 764 3500 est;
795 3424 957 3500 quatenus
988 3438 1064 3501 ergo
1095 3439 1136 3486 ex
1164 3419 1217 3485 his
1247 3421 1379 3501 pendet,
1409 3421 1483 3485 doc·

301 3518 507 3606 ,tissimorum
540 3519 703 3585 hominum
743 3520 837 3587 nobis
870 3523 1009 3602 praebet
1042 3522 1249 3604 sententiam,
1283 3541 1347 3588 non
1378 3521 1486 3603 plebis

308 3622 479 3705 vulgarem
501 3621 684 3704 opinionem
708 3625 750 3688 ad
772 3643 868 3704 quam
898 3623 980 3690 illud
1007 3624 1114 3707 plebis
1144 3623 1353 3706 extispicium
1382 3624 1486 3691 solum

308 3743 463 3790 revocare
485 3723 571 3791 licet.
615 3725 850 3806 Xenophanem
878 3732 989 3792 autem
1004 3728 1197 3793 Eleatarum
1213 3727 1395 3809 principem
1410 3745 1484 3794 con-

308 3826 395 3892 sulto
413 3846 561 3909 pugnare
576 3831 691 3893 contra
705 3827 811 3908 plebis
831 3829 1023 3912 religionem
1042 3829 1246 3896 notissimum
1269 3838 1329 3896 est.
1373 3831 1485 3911 Atque

309 3928 473 4009 expressis
488 3929 601 3997 verbis
612 3930 759 3995 traditur
774 3949 845 3996 eum
861 3931 1097 3999 divinationem
1108 3932 1258 3998 funditus
1274 3931 1488 4017 sustulisse.⁸)

396 4098 415 4167 ¹)
434 4099 474 4153 Cf.
493 4115 576 4168 supra
593 4117 618 4169 p.
637 4101 678 4156 39.
835 4101 855 4162 'l
872 4103 914 4157 De
931 4102 986 4158 div.
1005 4103 1094 4156 1134.

396 4183 416 4253 ¹)
435 4184 490 4238 (lic.
508 4185 542 4239 de
559 4185 613 4240 div.
633 4187 647 4239 I
666 4186 728 4254 118;
747 4188 807 4242 Val.
826 4187 897 4243 Max.
916 4188 972 4242 16.
1171 4188 1193 4256 ⁴)
1214 4188 1282 4243 Vide
1300 4204 1383 4256 supra
1400 4205 1426 4257 p.
1444 4189 1488 4244 37.

395 4269 416 4336 ³)
435 4269 512 4336 Quod
529 4277 677 4338 putaverat
694 4273 868 4327 Deeohius
886 4275 903 4329 1.
921 4276 940 4328 l.

396 4353 417 4424 ⁶)
436 4355 491 4411 Oic.
510 4355 698 4426 dediu.15;
717 4359 761 4412 Pe.
781 4358 854 4413 Plut.
872 4360 905 4414 de
922 4360 991 4429 plac.
1010 4360 1075 4429 phil.
1093 4361 1119 4417 V
1138 4360 1161 4416 1.
