3492 5092
346 401 410 468 220
800 399 934 469 Georgius
952 397 1066 454 BIaober
1470 399 1528 485 [50

346 575 387 639 de
407 573 480 639 cius
501 575 623 638 natura
643 570 864 638 coniecturam
885 585 1066 651 proponere
1087 568 1195 635 liceat.
1239 568 1345 652 Quam
1366 573 1405 634 ut
1422 568 1525 637 facia

344 693 432 758 mus,
463 693 576 741 ansam
603 674 697 742 nobis
725 673 864 754 praebet
899 673 1009 754 glossa
1038 671 1136 738 Pauli
1170 691 1188 738 e
1220 671 1321 738 Festo
1350 674 1526 754 desumpta

345 797 370 844 s.
392 795 423 844 v.
452 775 595 858 ierim
638 775 795 860 Legimus
817 775 838 840 l.
860 774 926 859 l.¹):
954 775 1091 856 laetae
1119 773 1405 853 sauciabatur,
1435 777 1527 839 cuias

345 879 545 944 martio
565 877 808 961 iopiaebaalar
828 882 907 941 eata
961 875 1087 960 Quibus
1113 877 1225 944 verbis
1255 876 1324 942 alia
1356 877 1525 943 indicatur

345 983 417 1048 sine
438 982 536 1048 dubio
557 979 646 1046 ratio
669 985 746 1047 exta
777 979 978 1061 inspiciendi!
1000 983 1101 1060 atque
1123 979 1337 1045 Etruscorum
1359 978 1425 1045 fuit
1438 981 1525 1045 exti-

345 1084 491 1168 spicium,
505 1083 564 1150 ubi
577 1088 740 1164 ereptas
753 1083 866 1146 moedi
872 1087 993 1163 pertore
1004 1081 1102 1162 fibros
1116 1081 1335 1166 inspiciunt.²)
1358 1082 1524 1165 Quaeren-

345 1187 435 1254 tibus
446 1186 549 1267 nobis,
564 1187 720 1266 quomodo
732 1185 910 1266 scriptores
921 1187 1050 1252 veteres
1066 1203 1177 1251 vocem
1187 1183 1353 1266 maapam
1369 1185 1524 1266 explana-

345 1289 471 1372 verint,
493 1289 651 1356 videntur
679 1291 799 1370 testes,
828 1287 885 1368 qui
916 1291 1065 1371 exstant,
1095 1305 1163 1352 rem
1190 1287 1277 1353 male
1307 1286 1525 1369 perspexisse.

346 1393 555 1475 apponamus
577 1393 681 1458 verba
702 1391 783 1474 ipsa,
808 1395 942 1472 praeter
963 1389 1060 1454 Pauli
1082 1390 1225 1472 glossam
1247 1390 1313 1454 iam
1336 1408 1522 1456 commeme

345 1500 464 1560 ratam.
507 1495 606 1576 Apud
626 1494 806 1560 Varronem
821 1492 959 1575 legimus
969 1491 1011 1575 ⁸1:
1033 1493 1171 1575 ariapas,
1193 1492 1265 1555 baec
1286 1497 1369 1570 saal,
1392 1511 1524 1573 quoram

344 1599 381 1660 iu
401 1597 564 1678 mittatis
584 1601 654 1660 eata
675 1599 711 1660 ia
732 1597 794 1661 olla
815 1615 878 1659 aaa
900 1597 935 1658 ia
957 1615 1030 1658 vera
1052 1599 1235 1678 coquantur,
1258 1614 1336 1675 qaas
1356 1599 1386 1658 et
1407 1597 1524 1658 Araus

345 1700 452 1763 scabit
483 1704 511 1762 et
542 1701 578 1762 ia
610 1699 775 1780 pontificiis
808 1699 898 1762 libris
928 1697 1076 1761 ammas.
1108 1699 1145 1760 ia
1176 1697 1283 1762 bosam
1315 1718 1382 1762 eam
1414 1697 1524 1762 dicaret

346 1803 499 1884 caterpam,
521 1821 601 1881 qaae
622 1820 739 1864 capua
758 1800 874 1882 bahem,
908 1801 1054 1882 queniam
1083 1801 1184 1864 sicui
1205 1801 1253 1864 eoi
1281 1802 1364 1864 mari
1391 1801 1524 1864 testiculi

346 1903 468 1986 dempti,
498 1905 526 1966 ei
553 1903 621 1967 ideo
649 1905 680 1966 oi
711 1908 828 1967 natura
859 1922 946 1966 versa
978 1922 1086 1966 aava
1117 1901 1314 1966 deeliaatam.
1372 1903 1524 1968 Donatus

346 2006 478 2088 scripsit
500 2009 540 2071 ad
565 2008 638 2072 Ter.
660 2006 789 2072 Phorm.
811 2006 859 2071 IV
887 2008 917 2089 4,
939 2007 997 2072 28:
1026 2005 1181 2086 haruspex
1203 2005 1242 2069 ab
1273 2005 1396 2086 barapa
1423 2007 1521 2069 aomi-

344 2114 450 2174 aatar.
487 2129 562 2172 uam
590 2108 713 2190 harapa
741 2107 858 2172 atara
885 2108 983 2171 boalia
1012 2108 1050 2172 ab
1085 2109 1165 2172 bara
1193 2110 1229 2171 ia
1257 2128 1321 2200 pua
1348 2108 1524 2172 admirer

344 2219 373 2276 et
405 2217 554 2276 seruam.
613 2211 727 2277 Velius
767 2212 901 2293 Longus
933 2211 1168 2294 grammaticus
1212 2211 1358 2296 docet4):
1399 2213 1524 2292 crispae

343 2315 381 2378 ab
413 2317 574 2396 ari(a)pa‚
608 2334 686 2395 qaae
716 2319 758 2377 est
790 2313 904 2391 honio,
936 2333 1000 2378 aoa
1034 2333 1174 2394 amspea
1229 2313 1379 2396 Denique
1410 2319 1522 2380 exstat

343 2418 504 2499 glossema
523 2417 671 2482 incertae
694 2415 831 2497 originis
842 2416 884 2500 Ι’);
906 2417 1031 2497 arnapa
1044 2416 1184 2482 baliam.
1228 2417 1327 2482 Haud
1343 2418 1521 2482 absurdum

343 2525 395 2586 est
406 2520 670 2584 animadvertere
681 2519 879 2601 testimonia,
892 2537 954 2601 quo
968 2519 1096 2602 longius
1107 2522 1149 2586 ab
1162 2519 1288 2602 origine
1301 2517 1524 2602 discesserint,

342 2622 449 2704 magis
465 2621 635 2704 magisque
656 2621 799 2687 deminui
814 2627 914 2703 atque
930 2621 1108 2688 obscurari
1147 2623 1317 2688 Glossema
1332 2628 1524 2704 extremum,

342 2730 380 2790 ut
393 2724 522 2792 leuiora
535 2725 640 2806 primo
654 2725 724 2790 loco
740 2726 958 2808 absolvamus,
980 2725 1041 2791 hoc
1056 2731 1186 2790 tantum
1202 2726 1357 2792 servabat
1369 2725 1518 2807 ariugam

346 2846 418 2893 esse
444 2827 593 2893 hostiam.
645 2827 728 2892 Nam
754 2827 886 2892 bostiam
915 2829 1049 2894 verbum
1083 2827 1155 2893 sine
1188 2827 1287 2894 dubio
1322 2827 1520 2910 singularem

344 2931 481 2996 formam
503 2930 642 3010 praebet
664 2934 778 2995 contra
800 2931 906 3012 legem
929 2930 1112 2996 derivatam
1142 2931 1184 2996 ab
1211 2930 1320 3014 basim,
1348 2949 1432 3011 quae
1461 2948 1523 3011 pro

341 3032 463 3114 plurali
492 3031 596 3097 forma
625 3031 775 3098 neutrius
806 3033 939 3115 generis
969 3033 1164 3099 habebatur.
1216 3033 1310 3098 Nihil
1342 3031 1412 3098 fere
1443 3033 1520 3099 novi

342 3137 437 3200 docet
463 3134 581 3201 Velius.
625 3133 775 3200 Donatus
798 3153 912 3215 parum
936 3134 1080 3201 feliciter
1102 3153 1212 3201 vocem
1227 3135 1351 3216 barapa
1367 3135 1523 3201 derivare

341 3242 477 3303 conatus
507 3243 558 3303 eat
587 3239 629 3303 ab
651 3237 738 3302 bara.
782 3237 926 3303 Restant
956 3237 1061 3320 igitur
1090 3241 1153 3304 duo
1174 3242 1306 3304 tantum
1329 3237 1521 3303 testimonia

341 3339 497 3405 Varronis
518 3344 555 3405 et
576 3340 682 3423 Pauli,
710 3341 741 3405 lr.
765 3359 791 3406 e.
814 3341 912 3406 Verri
934 3341 1054 3424 Flacci,
1084 3359 1220 3422 quornm
1251 3342 1392 3406 alterum
1414 3340 1520 3406 altero

341 3440 566 3522 explicabitur.
610 3442 658 3508 Ut
679 3443 874 3525 incipiamus
897 3462 917 3508 a
939 3444 1097 3526 Varrone,
1118 3463 1160 3510 ne
1181 3444 1211 3508 is
1232 3443 1363 3524 quidem
1378 3461 1454 3526 rem,
1477 3443 1520 3508 de

342 3561 406 3622 qua
434 3543 555 3626 agitur,
584 3543 667 3609 satis
700 3544 877 3626 perspexit.
930 3546 1013 3611 Nam
1048 3545 1138 3612 illius
1168 3565 1253 3626 quae
1286 3544 1522 3626 exscripsimus

339 3647 445 3711 rerba
467 3645 557 3711 clare
587 3646 780 3713 dilabuntur
809 3648 845 3713 in
868 3651 951 3714 duas
974 3653 1095 3731 partes,
1126 3667 1262 3729 quarum
1286 3647 1447 3730 posterior
1468 3647 1518 3711 iu-

340 3747 422 3828 cipit
454 3766 474 3813 a
507 3766 587 3815 voce
618 3749 653 3811 io
685 3749 804 3832 maia,
836 3769 919 3832 quae
948 3769 1025 3832 pars
1056 3769 1126 3816 oum
1156 3749 1266 3833 priore
1295 3755 1424 3815 tantum
1459 3767 1520 3830 per

340 3868 450 3917 vocem
479 3850 694 3932 principalem
722 3851 859 3934 bariapa
881 3854 1041 3936 cohaeret,
1072 3873 1156 3935 quae
1189 3853 1224 3918 in
1253 3857 1396 3934 utraque
1424 3855 1519 3932 porte

341 3951 471 4018 diverso
494 3955 586 4019 modo
610 3954 803 4035 explicatur.
848 3955 943 4021 Unde
965 3956 1184 4022 concludimus
1208 3955 1366 4022 Varronis
1394 3959 1523 4035 tempo·

427 4123 448 4192 ¹)
466 4139 492 4191 p.
511 4123 562 4177 100
580 4125 619 4191 Μ;
639 4139 721 4191 supra
738 4140 764 4192 p.
784 4124 825 4178 21.

426 4207 448 4278 ¹)
468 4208 544 4264 Ovid.
564 4209 628 4264 Met.
647 4209 703 4263 XII
721 4209 787 4278 127;
806 4209 866 4264 Sen.
886 4210 997 4278 Thyest.
1016 4209 1079 4278 aaa
1098 4225 1181 4278 snpra
1198 4225 1224 4278 p.
1243 4209 1283 4263 18.

427 4292 448 4363 ³)
466 4293 497 4348 L.
516 4295 546 4348 L.
566 4295 591 4348 V
609 4293 650 4347 98.
819 4295 841 4364 ⁴)
859 4295 977 4350 Gramm.
996 4295 1057 4350 Lat.
1077 4296 1128 4351 vol.
1146 4295 1203 4351 VH
1221 4312 1246 4364 p.
1266 4294 1307 4364 73,
1326 4293 1344 4347 9
1360 4293 1431 4349 Keil.

425 4378 446 4448 Ι)
465 4379 541 4447 corp.
560 4380 640 4449 gloss.
660 4380 685 4434 V
702 4380 761 4446 411,
783 4379 824 4436 11.
