3492 5092
257 399 311 489 69]
650 401 691 456 De
709 400 851 470 extispicio
869 401 959 470 capita
977 403 1032 457 tria
1082 438 1084 442 -
1371 407 1438 474 239

258 573 301 638 ad
315 574 465 638 dextram
481 572 534 637 illi
548 571 691 638 animum
709 574 904 638 vertendum
919 572 1022 639 fuisse
1037 574 1068 639 h.
1081 592 1108 639 e.
1123 591 1202 656 opus
1217 594 1438 644 marmoreum

257 691 329 740 cum
359 673 436 740 aliis
466 674 541 740 olim
571 673 765 741 cohaesisse.
816 675 922 742 Hodie
951 675 1071 741 scimus
1083 675 1108 761 1)
1139 677 1223 742 illud
1253 696 1436 746 connexum

257 777 360 845 fuisse
382 797 454 843 cum
477 777 584 842 altera
606 777 721 843 tabula
743 796 934 861 marmorea,
963 796 1047 859 qnae
1076 779 1112 844 in
1135 785 1310 861 conspectu
1339 783 1435 863 ponit

257 881 439 964 complures
471 883 602 962 togatos
630 881 792 961 etemplo
821 879 911 947 Iovis
941 880 1119 963 Capitolini
1156 884 1248 947 modo
1278 901 1437 964 egressos.

256 984 400 1068 Quorum
429 982 465 1048 iu
494 1000 637 1065 numero,
665 983 695 1048 si
720 987 811 1049 recte
835 1003 905 1049 rem
930 984 1166 1068 perspeximus
1188 985 1359 1050 habendus
1382 992 1436 1052 est

254 1087 472 1169 magistratus
488 1104 616 1166 quoque
630 1085 696 1168 ille,
719 1086 776 1167 qui
797 1105 898 1167 prope
918 1087 1067 1153 lictorem
1090 1091 1167 1154 stat.
1211 1087 1290 1154 Cum
1313 1087 1436 1154 ceteris

256 1189 381 1272 togatis
411 1208 429 1255 e
462 1189 584 1270 templo
607 1189 760 1270 prodiens
789 1206 853 1254 non
882 1189 948 1254 iam
980 1190 1080 1271 plane
1109 1208 1145 1256 se
1174 1191 1278 1257 vertit
1306 1193 1348 1256 ad
1378 1210 1435 1257 ex·

256 1290 432 1374 tispicinm,
461 1293 547 1372 quod
575 1291 705 1356 interea
735 1292 778 1357 ab
807 1291 951 1357 aedituis
981 1297 1016 1357 et
1044 1290 1185 1358 fortasse
1214 1312 1234 1358 a
1262 1292 1437 1359 lictoribus

255 1400 489 1477 praeparatum
512 1397 594 1460 erat.
638 1393 802 1475 Extispex
830 1393 902 1460 eius
924 1395 1102 1460 adventum
1133 1397 1240 1461 adhuc
1263 1401 1435 1478 exspecta·

256 1503 369 1579 verat3
402 1497 469 1563 iam
497 1515 576 1563 vero
609 1515 630 1561 a
662 1495 814 1563 ministro
844 1515 863 1562 e
891 1496 981 1562 tauri
1011 1502 1128 1564 ventre
1157 1503 1272 1580 aperto
1294 1499 1437 1580 accipiet
1535 1538 1540 1547 ·

256 1601 363 1684 iecur,
400 1600 493 1665 cuius
526 1598 622 1682 signa
658 1598 871 1682 magistratui
899 1599 1186 1682 interpretabitur.
1239 1601 1332 1667 Haec
1365 1601 1437 1667 iere

257 1707 352 1786 sunt,
381 1720 465 1783 quae
494 1701 591 1768 hodie
626 1701 778 1768 dicantur
811 1704 853 1767 de
885 1702 1057 1768 simulacro
1086 1703 1143 1769 illo
1172 1703 1303 1788 mutilo,
1339 1706 1438 1786 quod,

257 1807 287 1872 si
308 1810 399 1872 recte
422 1823 458 1871 se
486 1805 590 1871 habet
619 1803 791 1887 inscriptio
824 1805 998 1889 insculpta,
1031 1808 1074 1871 ad
1103 1806 1240 1872 Traiani
1269 1806 1439 1874 referatur

257 1908 441 1992 aetatem.²)

343 2011 521 2092 Secundae,
544 2027 641 2090 quam
663 2009 929 2092 supradiximus,
952 2010 1066 2076 classis
1088 2011 1264 2076 simulacra
1288 2016 1437 2078 extorum

256 2111 492 2195 inspectionem
519 2112 625 2194 ipsam
655 2115 734 2177 ante
761 2113 870 2179 oculos
900 2111 994 2178 nobis
1022 2118 1156 2194 ponunt.
1207 2114 1278 2179 Iam
1309 2114 1437 2194 pectori

257 2220 373 2298 erepta
401 2215 550 2281 videmus
580 2218 666 2297 sxta,
696 2233 780 2295 quae
810 2216 871 2280 hoc
899 2215 970 2296 ipso
999 2221 1160 2282 momento
1190 2215 1438 2282 accuratissime

258 2317 478 2400 inspiciuntur
500 2322 535 2383 et
550 2316 785 2398 disquiruntur.
830 2319 880 2383 Ac
896 2319 981 2383 duae
997 2317 1126 2400 effigies
1141 2317 1229 2384 iuter
1251 2337 1287 2384 se
1308 2317 1437 2383 similli-

257 2439 329 2487 mae
340 2420 459 2486 —nisi
474 2421 559 2502 quod
577 2420 685 2486 altera
707 2419 782 2504 atri,
806 2420 916 2485 altera
930 2420 1022 2486 rubri
1037 2420 1153 2486 coloris
1170 2426 1222 2486 est
1233 2458 1275 2468 —-
1286 2421 1321 2486 in
1343 2419 1438 2487 vasis

257 2523 358 2605 pictis
389 2527 543 2591 servatae
565 2527 650 2605 sunt,
673 2541 756 2603 qnae
785 2523 885 2605 vulgo
907 2525 950 2589 ad
979 2523 1168 2606 Polynicem
1198 2529 1233 2589 et
1255 2525 1437 2590 Adrastum

256 2625 455 2692 referuntur.
499 2627 545 2690 At
568 2624 628 2690 hoc
650 2645 749 2690 unum
773 2631 862 2691 certe
884 2625 950 2691 dici
972 2629 1096 2706 potest:
1126 2626 1161 2690 in
1184 2632 1324 2708 utraque
1353 2642 1439 2708 puer

257 2731 365 2795 nudus
393 2728 494 2793 militi
524 2732 651 2794 armato
682 2733 761 2793 exta
792 2727 949 2811 porrigit,
983 2732 1021 2793 ut
1050 2728 1205 2809 inspiciat
1241 2747 1436 2810 pugnaeque

257 2831 383 2898 exitum
404 2830 619 2914 praesentiat,
641 2831 833 2912 priusquam
855 2830 890 2896 in
911 2830 1032 2896 bellum
1054 2829 1320 2911 proficiscatur)

344 2934 459 3000 Tertia
489 2933 586 2999 huius
616 2933 746 3015 generis
775 2932 902 3015 effigies
933 2933 1016 2999 satis
1046 2933 1130 3000 mira
1162 2934 1198 2999 in
1226 2934 1357 3016 speculo
1387 2935 1436 3000 in·

257 3035 393 3104 venitur
407 3035 587 3121 Etrusco.⁴)
612 3035 752 3102 Calchas
767 3036 853 3101 enim
876 3034 1019 3103 famosus
1040 3036 1097 3102 ille
1114 3036 1225 3104 Troici
1247 3037 1328 3103 belli
1339 3042 1439 3104 vates

253 3139 387 3206 nomine
409 3139 480 3220 ipso
502 3138 667 3220 adscripto
691 3144 770 3204 enta
796 3137 974 3220 inspiciens
995 3139 1210 3221 cognoscitur.
1247 3137 1327 3211 Sed.
1349 3141 1436 3219 quod

257 3242 423 3325 miramur,
445 3241 569 3307 artifex
590 3240 780 3324 permagnis
800 3241 891 3306 illum
907 3241 1067 3307 iustruxit
1090 3241 1161 3324 alis,
1184 3259 1256 3307 oum
1280 3243 1437 3306 daemone

258 3345 399 3412 fortasse
411 3363 483 3410 eum
496 3343 705 3426 confundens,
717 3343 773 3426 qui
788 3343 920 3424 saepius
932 3344 974 3409 ab
991 3343 1142 3409 Etruscis
1161 3343 1223 3409 alis
1240 3345 1436 3428 omantur.⁶)

344 3464 438 3547 Quae
461 3463 637 3529 simulacra
666 3465 759 3528 modo
788 3468 979 3529 enumerata
1001 3463 1117 3546 omnia,
1146 3464 1175 3530 si
1197 3464 1258 3529 hcc
1286 3463 1440 3530 breviter

259 3565 569 3650 comprehendimus,
592 3567 807 3632 ostenderunt
829 3565 936 3648 ipsum
959 3571 997 3632 ut
1019 3565 1069 3631 ita
1091 3565 1246 3649 dicamus,
1270 3565 1437 3647 extispicii

347 3703 367 3770 ¹)
385 3701 463 3756 Mitt.
482 3701 527 3756 dac
542 3701 635 3755 Iaattt.
649 3702 700 3758 roi.
712 3703 753 3757 VI
767 3701 832 3756 1891
846 3703 901 3757 tab.
915 3703 966 3770 III,
984 3703 1049 3758 ibid.
1062 3719 1088 3771 p.
1100 3703 1148 3770 22;
1166 3707 1276 3757 nostrae
1293 3701 1404 3757 tabulas
1423 3701 1436 3756 1

258 3787 304 3858 fig.
323 3789 340 3840 2
357 3787 420 3843 inde
438 3788 596 3856 deprompta
614 3793 664 3842 est.

345 3873 367 3943 ²)
385 3874 419 3929 V.
436 3873 514 3927 Mitt.
533 3872 578 3928 dea
596 3872 666 3927 Inat.
685 3873 737 3928 vol.
755 3873 795 3928 VI
815 3873 879 3928 1891
898 3890 924 3941 p.
942 3873 976 3927 52
994 3873 1085 3928 adnot.
1103 3873 1171 3927 ssa.

345 3958 366 4027 ³)
384 3959 417 4014 V.
424 3965 532 4013 nostrae
539 3958 650 4014 tabulae
656 3959 685 4012 11
691 3959 819 4028 figleti
829 3975 896 4026 quas
906 3965 988 4014 antea
996 3958 1353 4027 depinxeruntGorhard,
1365 3959 1437 4010 Aus-

259 4045 375 4098 arderem
381 4061 423 4114 pr.
440 4043 616 4100 Vasmbttder
625 4044 681 4100 tab.
691 4044 756 4112 2673
769 4043 882 4099 Gazette
890 4045 963 4098 arch.
973 4045 1025 4100 vol.
1036 4044 1151 4100 vllsso
1158 4043 1198 4112 pl.
1208 4044 1255 4111 343
1268 4043 1437 4110 Panoika,

259 4129 375 4185 oudinet
393 4129 539 4184 Pontum
551 4129 590 4198 pt.
610 4131 679 4198 XII3
697 4146 723 4185 r.
742 4130 849 4184 Annali
867 4129 927 4184 dell'
945 4129 1039 4184 Instit.
1051 4131 1155 4184 XXXV
1174 4129 1241 4184 1863
1258 4145 1283 4197 p.
1302 4129 1353 4183 237
1362 4143 1437 4196 seqq.

344 4214 367 4283 ⁴)
384 4215 417 4270 V.
430 4219 539 4270 nostrae
551 4215 663 4270 tabulae
675 4216 705 4270 II
715 4215 763 4285 fig.
775 4216 793 4270 8
804 4217 989 4285 depromptam
1002 4231 1036 4270 ex
1048 4215 1221 4271 Gathardi
1233 4215 1310 4282 libro,
1323 4213 1437 4268 Etrrcak.

259 4300 364 4370 Spiepal
382 4301 448 4355 Tab.
466 4299 531 4368 2233
550 4315 576 4356 v.
594 4300 700 4354 Annali
717 4299 777 4354 delt’
796 4299 867 4355 Just.
885 4301 989 4356 XXXV
1008 4299 1076 4354 1863
1093 4317 1119 4368 p.
1137 4299 1196 4354 236.

344 4385 821 4455 ⁸)cf.Mo11er-Daeckc‚1>te
838 4386 974 4440 Eusrsker
992 4386 1044 4442 vol.
1063 4386 1093 4440 11
1109 4402 1135 4454 p.
1153 4386 1186 4440 97
1205 4391 1261 4441 not.
1279 4387 1320 4439 50.
