3492 5092
211 347 264 434 49]
609 346 650 400 De
670 346 814 415 extispicio
835 347 927 416 capita
945 347 1000 402 tria
1330 352 1394 418 219

211 519 414 602 explicemus
427 518 461 604 1),
492 537 550 584 cur
571 517 658 584 idem
681 518 813 600 signum
842 519 935 585 modo
965 519 1078 586 tristia
1100 519 1273 604 significet,
1302 525 1395 590 modo

211 621 343 686 dirimat
373 640 474 686 coros.
525 620 692 686 Enostra
722 625 833 686 autern
864 621 1082 702 explicatione
1110 623 1304 706 simpliciter
1332 625 1395 692 sol-

212 729 310 793 vetur
333 723 500 806 quaestio;
530 742 661 789 caesum
689 723 775 789 enim
799 727 898 805 caput
920 725 1064 790 ostendit
1092 725 1233 792 discindi
1262 727 1394 811 aliquid,

212 829 299 909 quod
329 827 363 892 in
387 845 545 908 suspenso
568 826 675 892 adhuc
704 829 787 892 erat.
831 828 930 910 Ergo,
959 827 1155 909 ubicumque
1187 829 1394 896 referendum

212 930 278 996 fuit
302 933 346 996 ad
368 929 541 1011 imperium
563 929 667 994 vitam
689 928 781 1012 talia,
814 929 927 995 tristia
955 931 1169 1015 praemonuit,
1199 932 1256 998 ubi
1284 936 1394 999 autem

213 1035 256 1100 ad
271 1051 377 1116 curae,
400 1037 523 1098 metum
545 1031 667 1097 similia
689 1034 801 1098 eodem
823 1033 915 1098 modo
937 1033 1020 1098 haec
1036 1033 1167 1099 diremit
1181 1035 1212 1100 h.
1227 1054 1253 1100 e.
1268 1036 1394 1102 laetum

213 1136 370 1217 praebuit
392 1136 530 1217 signum.
575 1133 687 1200 Talem
711 1152 821 1198 rerum
843 1135 1047 1200 concordiam
1069 1135 1135 1202 iam
1157 1138 1290 1203 remotis
1313 1143 1394 1204 tem-

212 1239 346 1320 poribus
369 1243 402 1304 et
426 1240 513 1318 apud
535 1237 646 1303 varios
673 1237 806 1318 populos
836 1240 1028 1317 usurpatam
1058 1257 1128 1304 esse
1159 1244 1259 1319 atque
1288 1241 1394 1306 adhuc

212 1342 368 1423 usurpari
390 1343 433 1406 ad
456 1345 588 1406 ostenta
610 1339 861 1420 interpretanda
883 1341 1048 1420 permulta
1077 1339 1170 1407 nobis
1193 1343 1394 1422 praebentur

212 1445 370 1526 exempla.

301 1563 366 1628 Sed
384 1563 575 1644 priusquam
597 1563 679 1627 haec
696 1562 847 1643 exempla
869 1561 1043 1628 afferamus
1055 1562 1088 1647 ²),
1109 1563 1210 1629 liceat
1225 1564 1394 1630 occasione

215 1669 298 1732 data
320 1667 361 1730 de
383 1685 463 1732 voce
479 1666 570 1729 litare
585 1683 693 1747 agere.
737 1665 820 1729 Nam
835 1669 873 1730 ut
888 1664 1082 1746 scriptorum
1098 1671 1247 1732 veterum
1264 1671 1395 1733 utamur

213 1788 302 1836 more
318 1768 457 1850 dicendi,
480 1768 573 1835 bonis
590 1768 646 1836 vel
660 1767 756 1833 laetis
772 1767 856 1834 extis
872 1767 1028 1850 litabatur,
1050 1767 1202 1834 tristibus
1213 1770 1394 1850 perlitatum

213 1892 278 1936 aaa
299 1877 349 1936 ast.
393 1872 440 1936 Et
463 1871 501 1937 G.
524 1871 730 1937 Wissowa
759 1870 794 1935 in
823 1869 923 1952 libro,
953 1869 1010 1950 qui
1037 1870 1230 1937 inscribitur
1250 1871 1395 1954 Relipo'oa

214 1974 284 2038 omd
303 1975 424 2038 Kolias
452 1973 509 2036 der
528 1972 681 2057 Roman
711 1972 812 2037 ehoe
841 1971 930 2038 vocis
960 1971 1074 2034 ittaada‘
1102 1991 1163 2037 usu
1196 1974 1395 2040 sententiam

216 2080 257 2143 de
287 2076 407 2143 iecoris
438 2076 549 2158 capite
580 2073 746 2140 deficienti
772 2078 807 2138 et
836 2075 876 2139 de
905 2073 1044 2139 Romani
1066 2073 1265 2154 Etruscique
1288 2076 1394 2141 cultus

215 2179 345 2246 ratione
379 2184 415 2244 et
449 2183 608 2244 concentu
640 2177 761 2242 statuit
782 2177 882 2242 hanc:
906 2176 1036 2242 censuit
1065 2177 1167 2259 enim,
1206 2181 1305 2258 atoue
1335 2177 1396 2244 hoc

215 2282 289 2348 sine
310 2282 408 2348 dubio
438 2286 543 2363 recte,
573 2279 756 2346 litationem
792 2297 915 2345 merum
937 2279 1156 2345 Romanorum
1189 2298 1283 2346 usum
1315 2297 1395 2364 esse,

216 2384 368 2465 quoniam
390 2386 477 2466 apud
501 2385 644 2450 Arvales
660 2382 784 2448 fratres
806 2381 1013 2467 invenitur.⁴)
1058 2382 1121 2449 Sed
1145 2381 1286 2448 fortasse
1308 2384 1397 2449 hand

215 2492 308 2554 recte
330 2487 420 2570 fecit,
454 2489 540 2568 quod
562 2485 690 2552 omnino
720 2504 784 2550 non
814 2485 974 2551 disiunxit
1001 2484 1187 2551 litationem
1216 2485 1396 2552 Romanam

216 2596 251 2656 et
266 2588 475 2673 extispicium
490 2590 677 2654 Etruscum.
700 2587 782 2654 Nam
797 2587 943 2654 litationi
958 2587 1144 2654 vindicavit
1159 2588 1290 2670 signum
1305 2589 1396 2672 illud,

216 2695 304 2775 quod
325 2693 359 2758 in
376 2691 604 2759 artificiosiore
619 2695 750 2757 tantum
773 2689 944 2772 extispicio
960 2690 1102 2755 occurrit
1116 2709 1159 2756 sc.
1175 2696 1276 2772 caput
1297 2690 1396 2756 iecori

217 2795 380 2878 deficiens
403 2813 465 2876 quo
484 2795 531 2877 fit,
553 2799 590 2860 ut
613 2794 729 2860 exinde
751 2793 839 2858 inter
854 2797 1030 2873 utrumque
1052 2791 1196 2876 disiungi
1211 2794 1309 2876 plane
1330 2811 1396 2860 non

217 2898 359 2984 possita)
404 2898 492 2964 Sane
518 2897 552 2962 in
581 2901 732 2963 veterum
760 2895 957 2962 testimoniis
986 2895 1068 2977 ipsis
1098 2895 1290 2978 saepissime
1314 2896 1397 2963 haec

218 3001 353 3067 additur
373 3019 480 3084 causa,
503 3019 562 3066 cur
584 2999 704 3080 aliquis
726 3018 789 3064 non
808 2998 969 3082 litaverit,
992 2999 1143 3079 quoniam
1165 2999 1199 3064 in
1222 2999 1396 3080 extispicio

218 3122 278 3184 pro
293 3103 490 3186 gravissimo
501 3103 688 3168 habebatur
705 3100 836 3187 signofl)
858 3105 951 3183 capot
968 3102 1004 3164 ia
1017 3103 1113 3164 acore
1134 3100 1286 3181 deferrem.
1331 3099 1397 3166 Sed

219 3207 309 3272 hand
339 3205 532 3272 crediderim
554 3204 756 3288 litationem,
793 3222 914 3269 morem
943 3222 1031 3269 mere
1053 3204 1242 3286 Romanum,
1271 3201 1397 3268 indicia

219 3327 281 3375 sua
303 3308 522 3390 desumpsisse
545 3309 586 3374 ab
608 3308 748 3374 Etrusco
771 3305 951 3387 extispicio.
1009 3305 1093 3370 Nam
1122 3322 1287 3370 sumamus
1319 3305 1395 3371 lita·

217 3411 344 3478 tionem
385 3410 475 3477 illam
514 3410 694 3476 Romanam
732 3409 830 3490 plane
871 3410 913 3473 ad
953 3409 1083 3473 easdem
1127 3425 1180 3473 res
1221 3411 1396 3490 spectasse,

220 3517 321 3595 atque
343 3513 557 3579 Etruscorum
586 3509 810 3592 extispicium:
839 3516 909 3576 tum
939 3510 1193 3576 concludendum
1215 3510 1309 3576 nobis
1336 3515 1396 3593 est,

221 3615 350 3682 omnino
387 3634 468 3696 opus
503 3634 568 3680 non
604 3614 708 3680 fuisse
744 3612 900 3678 Romanis
935 3611 1147 3678 Etruscorum
1189 3611 1396 3693 extispicium

219 3717 379 3801 accipere,
412 3718 446 3784 id
475 3719 562 3800 quod
589 3735 711 3784 revera
739 3715 864 3782 factum
897 3733 969 3781 esse
1001 3714 1089 3781 inter
1122 3733 1232 3780 omnes
1257 3717 1396 3780 constat.

218 3821 310 3904 Ergo
343 3820 433 3886 inter
461 3826 636 3902 utrumque
665 3837 784 3886 morem
815 3822 890 3884 erat
926 3817 1058 3898 aliquod
1088 3817 1278 3900 discrimen,
1312 3818 1398 3899 quod

219 3923 317 4004 quale
354 3921 472 4006 fuerit,
498 3923 540 3988 ab
576 3922 766 3988 auctoribus
801 3940 866 3987 non
901 3920 1055 3986 traditur.
1109 3921 1269 3986 Attamen
1303 3919 1396 3987 nobis

307 4162 327 4231 1)
346 4163 385 4217 ct.
404 4163 539 4218 Deeclre
556 4162 574 4216 l.
592 4161 610 4218 l.
629 4178 654 4230 p.
673 4161 771 4229 72seq.
876 4161 897 4231 ¹)
914 4162 948 4216 V.
966 4161 1039 4216 infra
1056 4178 1082 4230 p.
1100 4159 1134 4215 54
1146 4177 1201 4229 seq.

307 4247 328 4317 ¹)
346 4264 372 4316 p.
390 4247 449 4302 353.
587 4246 609 4315 ⁴)
628 4246 687 4300 CIL
705 4247 748 4302 VI
764 4246 862 4316 21042,
881 4247 915 4300 23
924 4263 997 4314 seqq.
1141 4247 1162 4316 5)
1181 4264 1206 4316 p.
1223 4247 1275 4302 352
1292 4247 1353 4303 adn.
1371 4248 1396 4302 2.

305 4331 327 4402 ⁶)
344 4332 405 4388 Liv.
422 4333 488 4388 XLI
505 4333 546 4387 15.

272 4433 591 4490 Religionsgeechichtliclre
604 4434 724 4480 Versuche
736 4445 759 4478 u.
772 4433 929 4479 Vorcrbeiten
942 4435 973 4479 11.
1208 4418 1242 4472 15
