3492 5092
268 347 321 432 67]
663 346 703 400 De
721 345 862 412 extispicio
881 345 972 413 capita
989 345 1044 399 tria
1383 347 1446 413 237

269 536 341 583 cum
357 516 476 583 Graeci
500 516 565 582 iam
582 515 728 596 antiquis
743 515 944 597 temporibus
960 516 1098 581 colorem
1116 535 1242 597 quoque
1258 517 1449 585 observasse

268 618 484 704 videantur.1)

352 720 563 803 Inspectione
585 722 735 784 extorum
757 717 847 785 facta
869 719 1115 786 accuratissime
1144 725 1387 802 praeparantur
1414 727 1449 787 et

267 825 430 891 aulicocta
452 824 636 888 redduntur
659 821 774 907 exta.²)
819 821 877 887 Sin
908 827 1018 888 autem
1041 822 1149 904 prima
1170 822 1205 888 in
1234 823 1344 888 hostia
1375 842 1448 890 con-

267 927 374 992 traria
396 930 621 1007 apparuerant
635 929 721 1006 exta,
744 929 779 990 et
801 924 921 991 Graeci
937 929 971 990 et
986 925 1133 1008 Romani,
1156 929 1195 990 ut
1212 945 1230 991 e
1248 926 1448 992 testimoniis

268 1031 398 1095 elucere
420 1028 563 1110 videtur,
586 1027 735 1109 alteram,
764 1031 799 1092 et
820 1027 849 1092 si
873 1046 913 1092 ea
936 1046 1063 1108 quoque
1086 1028 1283 1111 denegabat,
1313 1029 1448 1094 tertiam

267 1130 436 1196 immolare
459 1134 677 1195 assueverant
698 1128 833 1194 hostias.
878 1129 1071 1210 'derigitur
1099 1132 1188 1210 apud
1210 1135 1385 1212 utrumque
1407 1133 1448 1196 de

269 1234 384 1298 eadem
399 1251 435 1298 re
451 1237 530 1298 exta
544 1231 848 1312 interrogabantur.
893 1230 929 1296 Si
945 1235 998 1296 ter
1013 1233 1212 1315 abnuebant,
1234 1233 1356 1299 Graeci
1378 1253 1448 1299 rem

269 1335 457 1416 mittebant,
486 1333 626 1399 Romani
655 1332 833 1399 maioribus
863 1333 981 1399 hostiis
1010 1335 1129 1400 bonum
1160 1353 1254 1400 omen
1284 1335 1380 1415 quasi
1412 1337 1447 1401 vi

269 1455 386 1518 cogere
408 1435 649 1521 conabantur.³)

354 1537 533 1619 Extispicii
555 1537 642 1603 ritus
672 1540 712 1603 de
735 1555 796 1618 quo
829 1537 894 1604 iam
925 1537 1009 1604 satis
1039 1537 1189 1619 diximus,
1216 1540 1304 1604 baud
1334 1540 1447 1620 paucis

267 1640 452 1706 simulacris
469 1641 576 1706 adbuc
590 1639 734 1707 servatis
750 1645 828 1705 ante
844 1640 953 1706 oculos
975 1639 1071 1706 nobis
1086 1641 1257 1724 poniturfi)
1303 1641 1396 1723 Quae
1418 1643 1447 1708 si

266 1742 584 1825 perlustraverimus,
613 1743 648 1807 in
677 1748 747 1808 tres
769 1741 900 1808 ordines
928 1743 1085 1810 videntur
1116 1761 1188 1808 esse
1219 1743 1447 1826 disponendae.

266 1847 316 1911 Ac
338 1845 441 1928 primo
464 1847 533 1910 loco
555 1845 590 1909 in
606 1849 813 1926 conspectum
827 1844 922 1910 nobis
938 1847 1039 1910 datur
1053 1849 1203 1910 extorum
1218 1845 1290 1927 ipsa
1313 1847 1447 1928 ereptio,

266 1947 406 2014 fortasse
428 1965 492 2012 non
516 1945 616 2011 aliam
637 1947 678 2011 ob
701 1965 842 2028 causam,
865 1947 924 2011 sed
946 1946 1099 2026 quiahoc
1120 1946 1228 2027 ipsum
1251 1953 1446 2014 momentum

266 2048 448 2116 artificibus
476 2052 555 2113 ante
580 2047 688 2113 omnia
717 2053 830 2128 aptum
868 2049 954 2127 quod
984 2047 1225 2128 exprimeretur
1253 2049 1358 2115 visum
1387 2056 1447 2116 est.

266 2152 462 2232 Temporum
498 2149 746 2231 opportunitate
777 2151 862 2215 duae
899 2149 995 2216 buius
1025 2150 1157 2231 generis
1187 2151 1347 2232 imagines
1375 2170 1447 2233 per·

267 2256 470 2319 duraverunt
494 2270 604 2318 annos.
659 2252 805 2335 Quarum
836 2251 944 2317 altera
973 2251 1007 2316 in
1035 2253 1139 2318 calice
1162 2252 1327 2334 Capuensi
1355 2255 1447 2320 rubri

265 2355 383 2422 coloris
399 2355 496 2420 hodie
511 2353 652 2420 Parisiis
671 2358 805 2421 servato
820 2354 996 2420 artificiose
1012 2355 1144 2436 depicta
1158 2357 1299 2436 praebet
1310 2355 1446 2422 arietem

265 2458 416 2539 supinum
432 2457 466 2523 in
481 2476 595 2524 mensa
609 2457 759 2539 positum.
783 2457 845 2524 Vir
859 2459 1029 2541 barbatus,
1052 2457 1109 2538 qui
1134 2476 1276 2540 superne
1290 2461 1447 2540 usquead

266 2559 433 2642 cingulum
455 2561 577 2625 nudum
599 2560 701 2625 habet
723 2578 848 2643 corpus,
871 2578 913 2624 ex
936 2559 1052 2625 arietis
1067 2565 1184 2626 ventre
1207 2565 1322 2642 aperto
1345 2559 1447 2642 eripit

265 2666 352 2727 exta
396 2660 497 2726 Cuius
519 2661 669 2727 minister
683 2661 959 2744 adulescentulus
981 2661 1038 2741 qui
1056 2663 1167 2728 eodem
1189 2665 1282 2728 modo
1303 2663 1446 2730 vestitus

265 2769 325 2847 est,
348 2763 464 2830 arietis
485 2765 585 2845 pedes
607 2763 805 2845 posteriores
827 2765 870 2829 ad
885 2782 921 2830 se
943 2764 1057 2830 trabit.
1101 2763 1208 2846 Caput
1224 2765 1446 2832 adulescentis

265 2865 380 2932 taenia
401 2870 552 2932 ornatum
574 2865 731 2948 videmus
754 2884 825 2931 cum
847 2867 1008 2932 barbatus
1030 2865 1087 2932 ille
1118 2872 1219 2948 caput
1241 2868 1446 2936 coronaverit

265 2969 389 3035 laurea.
434 2968 578 3034 Etiamsi
600 2969 689 3034 baud
710 2967 805 3034 nimis
835 2969 925 3035 clare
947 2970 990 3034 ab
1011 2968 1138 3035 artifice
1161 2987 1351 3050 expressum
1384 2975 1446 3053 est,

265 3073 375 3136 utrum
396 3088 517 3136 revera
532 3073 575 3136 ad
590 3069 800 3152 extispicium
815 3069 992 3136 referenda
1012 3070 1058 3136 sit
1073 3070 1133 3136 illa
1147 3077 1296 3136 extorum
1319 3071 1445 3152 ereptio

264 3191 377 3256 necne,
399 3176 596 3239 tamennon
625 3171 723 3239 facile
746 3173 917 3253 quisquam
949 3172 1042 3239 nobis
1072 3170 1204 3252 quidem
1232 3173 1445 3252 persuadebit

264 3379 294 3432 in
311 3379 392 3433 rebus
409 3383 467 3432 tem
486 3378 625 3447 gravibus,
644 3383 677 3432 ut
694 3382 773 3432 erent
789 3377 934 3444 sacrificia,
958 3375 1037 3430 veria
1060 3375 1150 3430 omine
1168 3382 1198 3430 et
1214 3377 1340 3446 prodigia
1356 3378 1445 3433 obser·

264 3469 332 3518 vate
349 3479 408 3518 esse
425 3469 535 3531 praeter
546 3469 619 3517 exta.
654 3463 772 3529 Quorum
783 3462 812 3516 in
824 3477 975 3530 numerum,
993 3461 1023 3515 ni
1034 3461 1124 3516 omnia
1135 3478 1184 3516 nos
1195 3462 1304 3531 fallunt,
1322 3463 1445 3518 habenda

264 3553 337 3617 eunt,
362 3564 432 3616 qnae
449 3548 528 3602 modo
552 3547 678 3602 diximus.
719 3547 788 3602 Nem
812 3547 890 3602 tabee
907 3547 1003 3602 iecoris
1028 3546 1058 3600 in
1081 3547 1152 3601 extis
1175 3548 1349 3617 cognoscitur
1370 3549 1445 3603 baud

264 3633 340 3700 prius
358 3649 440 3700 quam
458 3637 534 3687 cocta
552 3632 616 3688 sint.
651 3633 745 3700 Neque
762 3632 852 3702 igitur
868 3632 928 3686 iure
951 3631 1087 3687 referatur
1105 3632 1246 3702 adipsum
1265 3632 1444 3701 extispicium.

264 3717 412 3787 Sanguinis
430 3723 523 3772 comm
541 3717 684 3772 effluvium
701 3724 810 3786 praeter
831 3717 861 3772 in
879 3717 995 3772 Senecae
1019 3722 1048 3772 et
1065 3717 1170 3772 Lucani
1193 3717 1356 3773 testimoniis
1379 3719 1445 3774 erti-

264 3802 362 3858 ficiosis
380 3803 416 3871 (v.
429 3819 512 3872 supra
529 3820 555 3872 p.
569 3803 601 3855 17
611 3803 676 3872 seq.)
694 3818 748 3858 uno
765 3809 875 3858 tantum
893 3803 950 3858 loco
967 3802 1059 3870 ibique
1076 3802 1149 3857 inter
1167 3802 1258 3857 omina
1269 3811 1445 3859 enumeratur

264 3887 344 3956 (Pliu.
363 3888 466 3957 Peneg.
485 3888 558 3942 Trai.
576 3888 612 3957 5).
648 3888 723 3958 Ergo
741 3887 953 3958 disiungendum
971 3894 1014 3942 est
1030 3887 1105 3942 inter
1121 3888 1192 3942 benc
1205 3887 1339 3942 rationem
1356 3889 1444 3944 obser·

263 3973 349 4030 vendi
366 3979 395 4028 et
407 3972 569 4028 Graecorum
589 3970 687 4042 σφάγια
705 3975 734 4028 in
752 3973 850 4041 quibus
862 3989 877 4028 e
891 3973 1025 4042 sanguine
1043 3973 1168 4028 effluenti
1179 3989 1338 4042 cognoscere
1350 3973 1444 4030 future

263 4059 345 4114 morie
364 4063 439 4113 erat:
458 4058 520 4114 vide
538 4074 621 4126 supra
638 4075 664 4127 p.
682 4058 700 4112 d
717 4059 809 4114 adnot.
829 4058 852 4113 1.

352 4143 372 4212 1)
390 4143 486 4200 Aesch.
504 4143 593 4198 Proin.
611 4143 670 4197 493.
774 4143 796 4211 ¹)
815 4143 855 4198 Oi.
873 4143 1043 4199 Wissowa
1060 4145 1078 4199 l.
1096 4144 1114 4197 l.
1135 4161 1162 4213 p.
1179 4143 1239 4198 353.

351 4228 372 4298 ⁸)
389 4229 459 4296 Xan.
478 4228 564 4284 duab
583 4227 666 4298 v14,
685 4228 731 4297 14,
757 4229 798 4284 VI
821 4229 846 4298 4,
870 4228 918 4298 19;
942 4229 1049 4284 Hellen.
1072 4229 1158 4298 1113,
1176 4229 1207 4298 43
1231 4228 1292 4283 biv.
1318 4229 1384 4284 XLI
1401 4230 1443 4284 15.

263 4315 332 4370 Vide
351 4330 433 4383 supra
450 4331 475 4383 p.
494 4315 536 4368 53.
675 4314 696 4383 ⁴)
714 4314 748 4370 V.
766 4314 875 4370 tabulae
893 4314 922 4368 in
940 4314 994 4369 fine
1010 4313 1092 4370 buius
1110 4313 1309 4370 desemedonis
1327 4313 1443 4369 additas.

1234 4399 1282 4452 161Ι
