3492 5092
250 322 285 410 9]
656 319 700 375 Do
718 320 858 390 extispicio
876 321 967 390 eapite
984 321 1038 376 trio
1371 324 1434 389 179

251 499 365 576 erat,
380 511 496 559 rursus
512 493 555 558 ad
567 491 880 574 superstitionem...
893 492 1378 560 revolutnsAristendrum

252 596 484 678 explorare
514 598 713 662 eventum
742 613 880 664 rorum
910 593 1153 662 sao'rifioiis
1183 595 1312 682 iubet.
1362 597 1434 662 llos

254 705 326 765 erat
337 696 578 780 haruspicibus,
596 701 696 763 exta
710 697 803 764 sine
818 717 918 781 rege
934 702 1135 779 spectare
1149 703 1192 781 et,
1208 717 1291 779 quae
1302 702 1433 779 podon-

254 803 419 884 derantur,
440 799 626 867 referre...
646 801 703 866 22:
726 800 925 868 Aristander
939 805 1135 884 ooounerat,
1157 799 1314 878 tristia
1334 803 1434 866 exta

253 902 387 972 fuisse
415 901 711 986 significans.
735 954 741 968 .
765 953 772 968 .
794 903 851 969 29:
875 902 1084 969 Consultanti
1105 901 1182 970 inde
1205 955 1211 968 .
1235 911 1433 985 ..quonam

252 1007 346 1072 modo
383 1003 505 1072 flumen
541 1004 735 1088 transirent,
756 1005 948 1088 supervenit
970 1005 1183 1089 Aristander,
1216 1025 1297 1073 non
1318 1005 1432 1072 alias

252 1107 444 1175 laetiora
478 1107 772 1175 exta-vidisse
810 1127 853 1174 se
885 1107 1079 1192 adfirmans,
1115 1109 1231 1190 utique
1267 1107 1433 1190 prioribus

253 1212 351 1294 longe
383 1209 531 1278 diversa:
568 1215 638 1278 tum
672 1209 904 1297 sollicitudinis
935 1229 1051 1276 εειιεεε
1085 1210 1293 1294 adparuisse,
1326 1229 1434 1276 nuno

253 1331 431 1394 prorsus
454 1312 631 1396 egregie
653 1313 831 1379 litatum
853 1331 954 1379 esse.

338 1465 447 1532 Plut
471 1467 565 1534 Alex.
582 1467 637 1532 73:
656 1462 792 1530 Ἔπειτα
812 1466 975 1552 μηνύσεως
995 1469 1163 1552 γενομένης
1185 1463 1265 1528 κατὰ
1282 1463 1432 1528 Ἀπολλο-

255 1567 360 1654 δώρου
381 1578 438 1632 τοῦ
459 1578 635 1654 στρατηγοῦ
656 1577 710 1652 τῆς
730 1568 933 1652 Βαβυλῶνος,
968 1567 1012 1644 ὡς
1034 1566 1081 1655 ε’ίη
1111 1567 1188 1654 περὶ
1217 1567 1312 1632 αὐτοῦ
1342 1569 1433 1631 τεθυ-

252 1673 356 1751 μένος,
380 1665 487 1757 ἐκάλει
508 1669 706 1754 Πυθαγόραν
727 1669 782 1734 τὸν
800 1673 913 1754 μάντιν
935 1717 990 1737 ...
1013 1669 1195 1758 ἠρώτησε
1216 1682 1293 1734 τῶν
1315 1669 1434 1756 ἱερῶν

252 1771 321 1836 τὸν
348 1773 515 1858 τρόπον.
550 1775 763 1860 φήσαντος
792 1774 851 1852 δέ,
886 1774 951 1839 ότι
979 1773 1022 1838 τὸ
1051 1769 1161 1861 ἧπαρ
1187 1768 1230 1859 ἦν
1263 1773 1431 1858 ἄλοβον·

253 1879 442 1961 ,παπαῖῆ
466 1872 587 1941 εἶπεν
608 1876 795 1962 ,ἰσχυρὸν
815 1876 858 1942 τὸ
882 1879 1111 1965 σημεῖονῆῙ)

340 2014 512 2082 Arrian.
541 2016 647 2081 Anab.
677 2015 744 2093 ¹VII
778 2017 827 2097 18,
861 2016 996 2096 2seqq.=
1031 2015 1173 2078 θύεσθαι
1207 2012 1244 2098 δὴ
1276 2012 1330 2078 τὸν
1360 2023 1434 2078 Πει-

254 2116 401 2202 θαγόραν
422 2127 539 2202 πρῶτα
562 2115 620 2200 μὲν
642 2112 699 2179 ἐπὶ
719 2126 764 2201 τῷ
785 2116 992 2202 Ἡφαιστίωνι
1093 2114 1163 2180 ἐπὶ
1183 2126 1253 2180 τοῦ
1274 2114 1433 2202 ἥπατος

252 2230 323 2284 τοῦ
346 2217 545 2306 λερείουδ
575 2217 701 2302 λοβὸς
723 2218 883 2304 ἀφανὴς
911 2212 955 2304 ἦν
978 2218 1302 2304 ..τελευτῆσαι
1323 2217 1432 2300 Ἡφαι-

252 2324 369 2386 στίωνα
383 2371 389 2384 .
403 2369 430 2389 ..
447 2325 484 2390 3:
500 2316 598 2400 αὖθις
612 2320 648 2385 δὲ
661 2323 807 2386 θύεσθαι
819 2321 875 2386 τὸν
888 2321 1096 2408 Πειθαγόραν
1119 2318 1175 2385 ἐπὶ
1188 2333 1232 2406 τῷ
1242 2320 1434 2407 Ἀλεξάνδρῳ

253 2424 309 2488 καλ
349 2427 500 2508 γενέσθαι
543 2425 598 2490 καὶ
636 2420 689 2488 ἐπ’
725 2424 920 2512 Ἀλεξάνδρῳ
959 2424 1110 2508 ἀλοβον
1144 2423 1188 2488 τὸ
1224 2419 1332 2510 ἧπαρ
1364 2435 1433 2488 τοῦ

254 2525 431 2614 ἱερείου.
446 2575 452 2590 .
466 2581 473 2594 .
487 2531 524 2594 4:
540 2527 805 2614 Ἀλέξανδρος...
821 2527 912 2614 ἤρετο
927 2527 1001 2592 ότσυ
1017 2533 1186 2612 γενομένου
1201 2527 1286 2610 αύτῷ
1302 2530 1434 2615 σημείου

256 2677 262 2691 .
288 2679 294 2693 .
318 2683 325 2697 .
347 2629 402 2695 τδν
423 2629 458 2695 δὲ
486 2628 598 2715 εἰπεῖν,
628 2630 692 2695 ότι
722 2630 875 2714 ἄλοβόν
898 2631 936 2695 οἱ
964 2629 1007 2694 τὸ
1036 2625 1146 2716 ἧπαρ
1173 2625 1334 2712 ἐγένετο
1363 2641 1434 2694 τοῦ

254 2732 422 2820 ἱερείου.
446 2733 598 2818 ἐρομένου
613 2731 649 2797 δὲ
665 2733 729 2798 ότι
744 2743 816 2798 νοοῖ
827 2733 864 2798 τδ
880 2743 1011 2819 σημεῖον
1025 2737 1108 2818 μέγα
1122 2732 1226 2798 εἰπεῖν
1240 2727 1321 2798 είναι
1342 2733 1433 2813 χαλε-

253 2834 317 2900 πόν
328 2888 335 2903 .
348 2889 355 2902 .
368 2889 375 2902 .
390 2837 425 2903 5:
443 2837 497 2901 καὶ
518 2834 681 2922 Περδίκκᾳ
703 2835 739 2901 δὲ
754 2838 998 2920 μαντεύσασθαι
1020 2834 1131 2901 αὐτὸν.
1147 2886 1174 2900 ..
1195 2836 1251 2900 καὶ
1272 2835 1434 2920 Ἀντιγόνῳ

254 2938 358 3024 χρόνῳ
372 2939 511 3024 ὕστερον.
535 2940 661 3004 καὶτοῦ
676 2939 773 3004 αὐτοῦ
788 2943 919 3023 σημείου
935 2939 1059 3025 ἀμφοῖν
1072 2944 1240 3023 γενομένου
1255 2938 1432 3025 Περδίκκαν

255 3087 262 3103 .
288 3089 294 3103 .
319 3089 326 3105 .
351 3041 407 3106 καὶ
425 3041 598 3124 Ἀντίγονον
623 3092 629 3104 .
655 3041 901 3110 ..ἀποθανεῖκ

339 3179 451 3245 Plut.
473 3181 592 3263 Pyrrh.
615 3181 673 3247 30:
708 3187 760 3264 Τῷ
789 3179 825 3244 δὲ
855 3182 999 3266 Πύρρῳ
1028 3181 1257 3264 προείρητο
1290 3175 1333 3240 ἐκ
1354 3187 1433 3240 τῶν

255 3279 379 3366 ἱερῶν
413 3279 577 3364 ἀλόβων
615 3287 850 3366 γενομένων
881 3279 946 3347 ύπὸ
979 3293 1036 3346 τοῦ
1066 3284 1209 3364 μάντεως
1243 3278 1432 3366 ἀποβολή

253 3406 371 3460 τινος
391 3396 470 3450 τῶν
495 3383 745 3471 ἀναγκαίων,
769 3433 825 3448 ...
850 3384 943 3461 αὐτὸς
966 3382 1001 3449 δὲ
1021 3383 1075 3470 τὴν
1097 3383 1246 3472 στρατιὰν
1260 3380 1388 3468 ύπῆγεν.

339 3522 449 3588 Plut.
479 3523 574 3589 Arai.
604 3524 661 3589 43:
698 3522 763 3586 Καὶ
788 3521 825 3586 τδ
860 3531 991 3608 σημεῖον
1021 3520 1202 3605 ἀπέβαινεν,
1234 3521 1279 3597 ὡς
1307 3524 1324 3584 ό
1353 3518 1433 3596 θεὸς

254 3621 311 3686 ἐπὶ
340 3634 403 3687 τῶν
427 3621 519 3708 ἱερῶν
541 3620 650 3704 ἔδειξε.
685 3627 810 3706 λέγεται
831 3623 891 3710 γὰρ
914 3624 950 3689 ού
978 3623 1045 3710 πρὸ
1066 3623 1190 3689 πολλοῦ
1209 3625 1358 3689 θύοντι
1379 3633 1431 3706 τῳ

248 3723 395 3812 Ἀράτῳ
433 3725 505 3790 δύο
541 3726 668 3806 χολὰς
704 3725 744 3791 ἐν
779 3726 907 3813 ἥπατι
951 3737 1132 3814 φανῆναι
1168 3736 1242 3812 μιᾷ
1277 3725 1432 3810 πιμελῇ

253 3832 581 3914 περιεχομένας·
608 3830 664 3894 καὶ
691 3829 746 3893 τὸν
774 3832 889 3913 μάντιν
910 3830 1021 3904 εἰπεῖν,
1052 3829 1097 3906 ὡς
1117 3829 1197 3909 ταχὺ
1217 3827 1302 3914 πρὸς
1320 3828 1360 3893 τὰ
1382 3825 1432 3909 ἔχ-

253 3931 353 3994 θιστα
374 3931 429 3995 καὶ
447 3931 675 4015 πολεμιώτατα
698 3934 835 3998 σύνεισιν
864 3929 911 4010 εἰς
939 3932 1039 4015 ἀκρον
1060 3933 1179 4018 φιλίαν.
1210 3932 1279 3998 τότε
1298 3931 1357 4014 μὲν
1379 3925 1433 3996 οὖν

253 4032 431 4119 παρήνεγκε
462 4033 498 4098 τὸ
536 4031 651 4120 ῥηθέν,
690 4034 764 4099 οὐδὲ
795 4035 900 4112 άλλως
928 4036 1012 4099 πολὺ
1041 4040 1136 4117 νέμον
1162 4038 1304 4112 πίστεως
1336 4033 1434 4120 ἱεροῖς

252 4135 308 4199 καὶ
335 4136 558 4219 μαντεύμασιν,
592 4135 673 4200 ἀλλὰ
699 4148 744 4221 τῷ
774 4137 915 4222 λογισμῷ
945 4142 1106 4223 χρώμενος
1130 4184 1186 4200 ...
1209 4137 1280 4202 τότε
1303 4136 1340 4222 δὴ
1361 4135 1433 4201 τὸν

343 4306 362 4375 ¹)
382 4307 422 4361 cf.
442 4307 562 4376 Appias.
581 4307 643 4362 bell.
662 4308 713 4363 civ.
732 4308 842 4377 111u23
861 4309 979 4364 Zonaras
997 4309 1038 4364 lv
1056 4309 1096 4361 14.
