3492 5092
316 307 379 372 226
770 303 903 372 Georgius
920 304 1035 358 Blecner
1437 305 1494 390 [5ss

315 475 494 560 participes
527 476 688 540 haberent
721 492 781 540 sua
814 492 936 539 arcana
968 473 1092 538 nemini
1124 472 1189 538 nisi
1224 473 1369 541 initiatis
1406 483 1493 542 ncta.

309 578 441 663 ‘Quanti
461 579 522 644 hoc
551 577 654 642 fuerit
676 576 830 642 momenti
859 575 894 640 in
917 595 953 642 re
974 579 1148 658 tantopere
1171 577 1212 642 ab
1233 576 1383 644 omnibus
1408 581 1493 644 desi-

316 684 442 764 derata,
464 681 500 745 in
522 679 695 762 propatulo
718 683 779 744 est.
816 678 880 744 Sed
901 697 965 744 non
987 680 1080 745 modo
1102 679 1256 744 subtilior
1273 679 1367 746 nohis
1383 698 1491 747 occur-

314 785 361 850 rit
376 791 524 850 extorum
539 782 710 866 inspectio,
730 782 858 848 accedit
873 786 1047 864 praeterea
1061 781 1128 846 alia
1144 785 1303 863 quaedam
1318 802 1357 848 ac
1373 784 1413 849 de
1421 803 1491 864 -qua

315 906 417 969 supra
428 908 458 968 p.
470 888 512 952 48
521 905 587 967 seq.
595 885 744 966 diximus,
756 885 850 950 ratio.
873 885 956 949 Nam
968 884 1122 968 homines,
1134 885 1191 950 ubi
1206 885 1346 966 primum
1357 905 1491 967 persua·

314 1009 385 1056 sum
407 991 594 1056 habuerunt
615 1007 675 1070 per
697 987 847 1071 effigiem,
881 988 958 1068 quin
983 987 1084 1052 etiam
1106 1005 1166 1068 per
1190 986 1323 1053 litteras
1346 988 1381 1053 in
1403 989 1491 1054 extis

315 1091 454 1174 exprimi
472 1091 594 1174 futura,
617 1089 709 1156 -id
731 1091 816 1170 quod
831 1089 949 1155 Graeci
960 1090 985 1174 ¹)
1007 1108 1159 1171 provere
1174 1090 1343 1155 habebant
1359 1129 1409 1172 —,
1433 1097 1491 1158 aut

315 1214 387 1261 cum
410 1197 561 1261 deessent
582 1195 618 1258 in
633 1192 719 1258 extis
740 1192 832 1258 iecur
854 1211 910 1258 cor
932 1192 1000 1258 alia
1022 1193 1168 1258 membra
1190 1192 1358 1259 advitam
1381 1211 1492 1260 neces-

314 1297 412 1381 saria,
425 1297 550 1379 aperiri
560 1295 632 1363 fata
641 1296 725 1361 -id
734 1297 819 1377 quod
830 1294 969 1360 Romani
980 1294 1044 1360 sibi
1056 1295 1284 1378 fingebant—,
1293 1294 1494 1362 destiterunt

315 1420 335 1467 a
357 1400 497 1482 simplici
516 1399 714 1481 inspiciendi
736 1398 873 1480 ratione,
896 1417 980 1479 qnae
1003 1402 1083 1463 exta
1105 1397 1337 1464 considerabat
1353 1403 1491 1480 tantum,

315 1508 353 1569 ut
374 1505 551 1569 secundum
574 1506 727 1568 naturam
749 1505 827 1566 sunt
846 1499 996 1567 formata.
1032 1501 1101 1565 Iam
1118 1505 1295 1583 coeperunt
1316 1503 1492 1568 observare

316 1625 364 1690 ea,
393 1625 478 1687 quae
507 1610 622 1671 contra
651 1609 805 1670 naturam
836 1610 896 1670 aut
926 1603 1117 1669 acciderunt
1147 1607 1206 1668 aut
1229 1603 1387 1670 accidisse
1410 1604 1491 1686 ipsis

314 1709 524 1776 videbantur.
561 1709 658 1773 Hanc
678 1726 796 1774 revera
810 1706 958 1789 uiguisse
976 1705 1159 1788 opinionem
1173 1707 1246 1772 luce
1261 1706 1382 1772 clarius
1398 1707 1491 1772 nobIs

316 1813 560 1878 demonstratur
582 1830 628 1893 eo,
657 1813 744 1891 quod
766 1810 957 1891 haruspices
979 1809 1103 1875 litteris
1125 1809 1190 1890 ipsi
1213 1813 1290 1876 exta
1311 1809 1491 1874 inscribere

316 1913 521 1996 audebant.²)
574 1914 657 1979 Nam
686 1913 753 1979 nisi
783 1913 856 1979 fieri
884 1931 979 1994 posse
1009 1918 1124 1979 contra
1157 1917 1309 1978 naturam
1344 1911 1491 1978 homines

315 2017 545 2101 credidissent,
575 2022 613 2083 ut
637 2017 771 2082 litteras
802 2017 960 2097 quasdam
993 2016 1165 2082 exhiberet
1194 2015 1292 2098 iecur,
1322 2034 1402 2081 sane
1431 2015 1492 2081 hoc

314 2119 424 2186 iacere
455 2120 528 2186 ausi
556 2139 619 2186 non
650 2124 760 2186 essent
790 2120 845 2185 vel
874 2117 1001 2184 frustra
1031 2117 1224 2202 fecissent.⁸)
1275 2118 1347 2184 Hac
1381 2123 1491 2184 autem

315 2223 466 2305 opinione
480 2223 591 2306 fiebat,
612 2227 650 2288 ut
666 2227 815 2288 extorum
831 2221 928 2303 signa
949 2220 1173 2304 prodigiorum
1195 2221 1265 2288 loco
1280 2221 1492 2303 haberentur,

316 2326 467 2406 quomam
488 2326 547 2390 suh
562 2343 642 2391 voce
652 2324 833 2406 prodiciam
856 2324 963 2390 omnia
980 2325 1248 2407 complectuntur,
1271 2343 1354 2405 quae
1377 2328 1492 2388 contra

315 2432 470 2493 naturam
492 2426 611 2512 fiunt.⁴)
656 2426 749 2510 Quod
771 2446 791 2492 a
813 2425 970 2493 Romanis
998 2427 1176 2509 praecipue
1204 2427 1364 2509 probatur
1390 2425 1491 2507 scrip-

315 2529 451 2614 toribus,
474 2529 530 2610 qui
545 2547 610 2594 non
623 2531 716 2596 modo
731 2529 905 2596 coniuncta
921 2535 1115 2597 enumerant
1129 2529 1279 2612 prodigia
1294 2533 1329 2595 et
1344 2533 1491 2594 extorum

316 2631 421 2714 signa,
449 2633 508 2698 sed
537 2631 636 2698 etiam
665 2633 747 2698 haec
775 2633 849 2715 ipsa
878 2633 1031 2716 prodigia
1059 2633 1217 2717 vocator)
1269 2631 1357 2716 Quin
1391 2631 1490 2697 etiam

315 2734 447 2816 saepIus
463 2735 588 2801 curiose
603 2735 783 2818 quaeritur,
798 2742 907 2801 utrum
923 2737 996 2818 plus
1012 2735 1148 2801 valeant
1162 2735 1259 2818 signa
1273 2735 1328 2801 vel
1339 2733 1490 2816 prodigia

317 2841 464 2902 extorum
473 2856 515 2903 an
523 2836 694 2903 fulminum
705 2837 943 2924 sortiumque.⁰)
958 2837 1117 2904 Similiter
1125 2837 1323 2904 Lactantius
1335 2835 1492 2903 Placidus

316 2938 473 3021 exscripit
506 2959 524 3004 e
553 2937 638 3006 libro
672 2943 810 3021 quodam
843 2941 879 3007 in
912 2959 974 3021 quo
1007 2939 1045 3004 de
1073 2942 1155 3004 turis
1181 2941 1281 3021 spat
1313 2939 1490 3020 agebatur:

314 3040 387 3105 buco
416 3042 556 3123 mimum
588 3043 679 3124 abac
711 3047 767 3106 cut
799 3047 950 3108 testoatw
982 3048 1120 3108 morum
1135 3043 1325 3126 ,promiscua
1356 3043 1386 3105 sc'
1414 3040 1492 3104 bono

314 3144 387 3222 emt,
421 3149 485 3228 out,
516 3146 545 3208 aa'
577 3146 750 3224 contraria,
784 3146 1030 3231 refrcpcatwr.⁷)
1077 3146 1146 3212 Nec
1177 3144 1298 3211 nullius
1331 3144 1391 3210 hoc
1423 3143 1492 3209 loco

315 3247 396 3312 mihi
418 3247 643 3314 videturesse
665 3249 827 3328 momenti,
858 3250 942 3330 quod
962 3247 1111 3314 Iamidae
1133 3249 1222 3330 apud
1244 3247 1341 3314 Eleos
1369 3245 1491 3325 aliique

401 3517 419 3587 ¹)
438 3518 565 3586 Polyaen.
584 3519 668 3574 Strat.
686 3521 726 3574 IV
743 3520 790 3589 203
808 3522 903 3576 Front.
922 3522 1004 3576 Strat.
1024 3521 1038 3574 I
1057 3520 1097 3588 11,
1117 3519 1157 3574 14.

403 3602 423 3673 Σ’)
441 3603 548 3672 Hippot.
567 3604 615 3659 rei.
633 3605 706 3660 haer.
725 3606 766 3661 IV
783 3606 825 3660 40.

403 3688 423 3758 8)
441 3689 568 3744 Ceterum
593 3689 737 3758 extispices
760 3698 871 3760 propter
893 3691 1017 3746 fraudem
1040 3690 1228 3761 obiurgentur,
1252 3691 1285 3746 ci.
1311 3689 1379 3744 Xen.
1405 3687 1491 3742 duab.

315 3773 356 3829 VI
373 3773 398 3842 4,
417 3774 463 3842 14;
482 3775 578 3844 Cyrop.
597 3776 612 3829 Ι
628 3776 653 3845 6,
671 3776 688 3829 2
707 3777 741 3832 al.

400 3858 423 3928 4)
441 3861 481 3914 cf.
500 3861 530 3915 L.
551 3861 730 3930 Wuelhcr,
755 3861 812 3916 Dic
827 3861 1032 3932 pescbicbtlicbe
1048 3861 1243 3930 Eatwickluap
1266 3860 1312 3915 des
1331 3858 1491 3930 Prodipe'ert·

314 3958 415 3998 wacena
432 3944 474 3999 bei
492 3944 544 4000 dcc
560 3945 705 4016 Roemerrt,
725 3947 789 4002 diss.
807 3947 880 4016 Lips.
901 3947 969 4001 1903
987 3965 1012 4016 p.
1032 3947 1056 4003 1.
1249 3964 1255 3970 ·

401 4028 423 4100 ὓ)
440 4031 491 4086 Iul.
505 4030 619 4100 Obsequ.
631 4049 653 4086 c.
665 4032 700 4086 95
712 4037 740 4088 et
753 4033 815 4102 107;
829 4033 889 4088 Seu.
902 4033 966 4089 Oed.
979 4033 1124 4102 couseqq,
1137 4031 1491 4100 Luc.Phars.1609seqq.;

314 4115 375 4170 Liv.
393 4115 472 4170 XXX
490 4117 520 4185 23
539 4117 612 4172 Suet.
630 4117 692 4174 Diu.
711 4119 762 4174 Iul¹
782 4119 827 4188 773
846 4120 945 4174 Festus
963 4135 988 4188 p.
1008 4119 1059 4174 245
1071 4120 1106 4174 II.

401 4200 423 4269 ο)
440 4202 501 4258 Liv.
525 4202 596 4257 VIII
612 4203 642 4272 63
661 4203 721 4259 Seu.
739 4205 802 4260 Nat.
822 4205 930 4272 Quaest.
950 4205 1043 4274 1134;
1061 4204 1132 4260 Plin.
1150 4203 1238 4274 Epist.
1258 4204 1286 4258 11
1304 4203 1345 4272 20,
1364 4204 1388 4256 4.

402 4287 422 4355 7)
441 4287 476 4341 ad
494 4285 563 4343 Stet.
582 4287 665 4344 Theb.
684 4289 724 4344 IV
741 4289 801 4344 468.
